% Dal15
@article{Dal_2015,
   title={Alternative formation model for antideuterons from dark matter},
   volume={91},
   ISSN={1550-2368},
   url={http://dx.doi.org/10.1103/PhysRevD.91.123536},
   DOI={10.1103/physrevd.91.123536},
   number={12},
   journal={Physical Review D},
   publisher={American Physical Society (APS)},
   author={Dal, L. A. and Raklev, A. R.},
   year={2015},
   month=jun }

% coal_formula
@article{alice_2022_coal_formula,
   title={Production of light (anti)nuclei in pp collisions at $\sqrt{s} = 13$ TeV},
   year={2022},
   ISSN={1029-8479},
   url={http://dx.doi.org/10.1007/JHEP01(2022)106},
   DOI={10.1007/jhep01(2022)106},
   number={1},
   journal={Journal of High Energy Physics},
   publisher={Springer Science and Business Media LLC},
   author={Acharya, S. and Adamová, D. and Adler, A. and Adolfsson, J. and Aglieri Rinella, G. and Agnello, M. and Agrawal, N. and Ahammed, Z. and Ahmad, S. and Ahn, S. U. and Ahuja, I. and Akbar, Z. and Akindinov, A. and Al-Turany, M. and Alam, S. N. and Aleksandrov, D. and Alessandro, B. and Alfanda, H. M. and Alfaro Molina, R. and Ali, B. and Ali, Y. and Alici, A. and Alizadehvandchali, N. and Alkin, A. and Alme, J. and Alt, T. and Altenkamper, L. and Altsybeev, I. and Anaam, M. N. and Andrei, C. and Andreou, D. and Andronic, A. and Angeletti, M. and Anguelov, V. and Antinori, F. and Antonioli, P. and Anuj, C. and Apadula, N. and Aphecetche, L. and Appelshäuser, H. and Arcelli, S. and Arnaldi, R. and Arsene, I. C. and Arslandok, M. and Augustinus, A. and Averbeck, R. and Aziz, S. and Azmi, M. D. and Badalà, A. and Baek, Y. W. and Bai, X. and Bailhache, R. and Bailung, Y. and Bala, R. and Balbino, A. and Baldisseri, A. and Balis, B. and Banerjee, D. and Barbera, R. and Barioglio, L. and Barlou, M. and Barnaföldi, G. G. and Barnby, L. S. and Barret, V. and Bartels, C. and Barth, K. and Bartsch, E. and Baruffaldi, F. and Bastid, N. and Basu, S. and Batigne, G. and Batyunya, B. and Bauri, D. and Bazo Alba, J. L. and Bearden, I. G. and Beattie, C. and Belikov, I. and Bell Hechavarria, A. D. C. and Bellini, F. and Bellwied, R. and Belokurova, S. and Belyaev, V. and Bencedi, G. and Beole, S. and Bercuci, A. and Berdnikov, Y. and Berdnikova, A. and Bergmann, L. and Besoiu, M. G. and Betev, L. and Bhaduri, P. P. and Bhasin, A. and Bhat, I. R. and Bhat, M. A. and Bhattacharjee, B. and Bhattacharya, P. and Bianchi, L. and Bianchi, N. and Bielčík, J. and Bielčíková, J. and Biernat, J. and Bilandzic, A. and Biro, G. and Biswas, S. and Blair, J. T. and Blau, D. and Blidaru, M. B. and Blume, C. and Boca, G. and Bock, F. and Bogdanov, A. and Boi, S. and Bok, J. and Boldizsár, L. and Bolozdynya, A. and Bombara, M. and Bond, P. M. and Bonomi, G. and Borel, H. and Borissov, A. and Bossi, H. and Botta, E. and Bratrud, L. and Braun-Munzinger, P. and Bregant, M. and Broz, M. and Bruno, G. E. and Buckland, M. D. and Budnikov, D. and Buesching, H. and Bufalino, S. and Bugnon, O. and Buhler, P. and Buthelezi, Z. and Butt, J. B. and Bylinkin, A. and Bysiak, S. A. and Cai, M. and Caines, H. and Caliva, A. and Calvo Villar, E. and Camacho, J. M. M. and Camacho, R. S. and Camerini, P. and Canedo, F. D. M. and Carnesecchi, F. and Caron, R. and Castillo Castellanos, J. and Casula, E. A. R. and Catalano, F. and Ceballos Sanchez, C. and Chakraborty, P. and Chandra, S. and Chapeland, S. and Chartier, M. and Chattopadhyay, S. and Chattopadhyay, S. and Chauvin, A. and Chavez, T. G. and Cheng, T. and Cheshkov, C. and Cheynis, B. and Chibante Barroso, V. and Chinellato, D. D. and Cho, S. and Chochula, P. and Christakoglou, P. and Christensen, C. H. and Christiansen, P. and Chujo, T. and Cicalo, C. and Cifarelli, L. and Cindolo, F. and Ciupek, M. R. and Clai, G. and Cleymans, J. and Colamaria, F. and Colburn, J. S. and Colella, D. and Collu, A. and Colocci, M. and Concas, M. and Conesa Balbastre, G. and Conesa del Valle, Z. and Contin, G. and Contreras, J. G. and Coquet, M. L. and Cormier, T. M. and Cortese, P. and Cosentino, M. R. and Costa, F. and Costanza, S. and Crochet, P. and Cruz-Torres, R. and Cuautle, E. and Cui, P. and Cunqueiro, L. and Dainese, A. and Danisch, M. C. and Danu, A. and Das, I. and Das, P. and Das, P. and Das, S. and Dash, S. and De, S. and De Caro, A. and de Cataldo, G. and De Cilladi, L. and de Cuveland, J. and De Falco, A. and De Gruttola, D. and De Marco, N. and De Martin, C. and De Pasquale, S. and Deb, S. and Degenhardt, H. F. and Deja, K. R. and Dello Stritto, L. and Deng, W. and Dhankher, P. and Di Bari, D. and Di Mauro, A. and Diaz, R. A. and Dietel, T. and Ding, Y. and Divià, R. and Dixit, D. U. and Djuvsland, Ø. and Dmitrieva, U. and Do, J. and Dobrin, A. and Dönigus, B. and Dordic, O. and Dubey, A. K. and Dubla, A. and Dudi, S. and Dukhishyam, M. and Dupieux, P. and Dzalaiova, N. and Eder, T. M. and Ehlers, R. J. and Eikeland, V. N. and Eisenhut, F. and Elia, D. and Erazmus, B. and Ercolessi, F. and Erhardt, F. and Erokhin, A. and Ersdal, M. R. and Espagnon, B. and Eulisse, G. and Evans, D. and Evdokimov, S. and Fabbietti, L. and Faggin, M. and Faivre, J. and Fan, F. and Fantoni, A. and Fasel, M. and Fecchio, P. and Feliciello, A. and Feofilov, G. and Fernández Téllez, A. and Ferrero, A. and Ferretti, A. and Feuillard, V. J. G. and Figiel, J. and Filchagin, S. and Finogeev, D. and Fionda, F. M. and Fiorenza, G. and Flor, F. and Flores, A. N. and Foertsch, S. and Foka, P. and Fokin, S. and Fragiacomo, E. and Frajna, E. and Fuchs, U. and Funicello, N. and Furget, C. and Furs, A. and Gaardhøje, J. J. and Gagliardi, M. and Gago, A. M. and Gal, A. and Galvan, C. D. and Ganoti, P. and Garabatos, C. and Garcia, J. R. A. and Garcia-Solis, E. and Garg, K. and Gargiulo, C. and Garibli, A. and Garner, K. and Gasik, P. and Gauger, E. F. and Gautam, A. and Gay Ducati, M. B. and Germain, M. and Ghosh, P. and Ghosh, S. K. and Giacalone, M. and Gianotti, P. and Giubellino, P. and Giubilato, P. and Glaenzer, A. M. C. and Glässel, P. and Goh, D. J. Q. and Gonzalez, V. and González-Trueba, L. H. and Gorbunov, S. and Gorgon, M. and Görlich, L. and Gotovac, S. and Grabski, V. and Graczykowski, L. K. and Greiner, L. and Grelli, A. and Grigoras, C. and Grigoriev, V. and Grigoryan, S. and Grosa, F. and Grosse-Oetringhaus, J. F. and Grosso, R. and Guardiano, G. G. and Guernane, R. and Guilbaud, M. and Gulbrandsen, K. and Gunji, T. and Guo, W. and Gupta, A. and Gupta, R. and Guzman, S. P. and Gyulai, L. and Habib, M. K. and Hadjidakis, C. and Halimoglu, G. and Hamagaki, H. and Hamid, M. and Hannigan, R. and Haque, M. R. and Harlenderova, A. and Harris, J. W. and Harton, A. and Hasenbichler, J. A. and Hassan, H. and Hatzifotiadou, D. and Hauer, P. and Havener, L. B. and Heckel, S. T. and Hellbär, E. and Helstrup, H. and Herman, T. and Hernandez, E. G. and Herrera Corral, G. and Herrmann, F. and Hetland, K. F. and Hillemanns, H. and Hills, C. and Hippolyte, B. and Hofman, B. and Hohlweger, B. and Honermann, J. and Hong, G. H. and Horak, D. and Hornung, S. and Horzyk, A. and Hosokawa, R. and Hou, Y. and Hristov, P. and Hughes, C. and Huhn, P. and Huhta, L. M. and Humanic, T. J. and Hushnud, H. and Husova, L. A. and Hutson, A. and Hutter, D. and Iddon, J. P. and Ilkaev, R. and Ilyas, H. and Inaba, M. and Innocenti, G. M. and Ippolitov, M. and Isakov, A. and Islam, M. S. and Ivanov, M. and Ivanov, V. and Izucheev, V. and Jablonski, M. and Jacak, B. and Jacazio, N. and Jacobs, P. M. and Jadlovska, S. and Jadlovsky, J. and Jaelani, S. and Jahnke, C. and Jakubowska, M. J. and Jalotra, A. and Janik, M. A. and Janson, T. and Jercic, M. and Jevons, O. and Jimenez, A. A. P. and Jonas, F. and Jones, P. G. and Jowett, J. M. and Jung, J. and Jung, M. and Junique, A. and Jusko, A. and Kaewjai, J. and Kalinak, P. and Kalteyer, A. S. and Kalweit, A. and Kaplin, V. and Karasu Uysal, A. and Karatovic, D. and Karavichev, O. and Karavicheva, T. and Karczmarczyk, P. and Karpechev, E. and Kazantsev, A. and Kebschull, U. and Keidel, R. and Keijdener, D. L. D. and Keil, M. and Ketzer, B. and Khabanova, Z. and Khan, A. M. and Khan, S. and Khanzadeev, A. and Kharlov, Y. and Khatun, A. and Khuntia, A. and Kileng, B. and Kim, B. and Kim, C. and Kim, D. J. and Kim, E. J. and Kim, J. and Kim, J. S. and Kim, J. and Kim, J. and Kim, J. and Kim, M. and Kim, S. and Kim, T. and Kirsch, S. and Kisel, I. and Kiselev, S. and Kisiel, A. and Kitowski, J. P. and Klay, J. L. and Klein, J. and Klein, S. and Klein-Bösing, C. and Kleiner, M. and Klemenz, T. and Kluge, A. and Knospe, A. G. and Kobdaj, C. and Köhler, M. K. and Kollegger, T. and Kondratyev, A. and Kondratyeva, N. and Kondratyuk, E. and Konig, J. and Konigstorfer, S. A. and Konopka, P. J. and Kornakov, G. and Koryciak, S. D. and Kotliarov, A. and Kovalenko, O. and Kovalenko, V. and Kowalski, M. and Králik, I. and Kravčáková, A. and Kreis, L. and Krivda, M. and Krizek, F. and Krizkova Gajdosova, K. and Kroesen, M. and Krüger, M. and Kryshen, E. and Krzewicki, M. and Kučera, V. and Kuhn, C. and Kuijer, P. G. and Kumaoka, T. and Kumar, D. and Kumar, L. and Kumar, N. and Kundu, S. and Kurashvili, P. and Kurepin, A. and Kurepin, A. B. and Kuryakin, A. and Kushpil, S. and Kvapil, J. and Kweon, M. J. and Kwon, J. Y. and Kwon, Y. and La Pointe, S. L. and La Rocca, P. and Lai, Y. S. and Lakrathok, A. and Lamanna, M. and Langoy, R. and Lapidus, K. and Larionov, P. and Laudi, E. and Lautner, L. and Lavicka, R. and Lazareva, T. and Lea, R. and Lehrbach, J. and Lemmon, R. C. and León Monzón, I. and Lesser, E. D. and Lettrich, M. and Lévai, P. and Li, X. and Li, X. L. and Lien, J. and Lietava, R. and Lim, B. and Lim, S. H. and Lindenstruth, V. and Lindner, A. and Lippmann, C. and Liu, A. and Liu, D. H. and Liu, J. and Lofnes, I. M. and Loginov, V. and Loizides, C. and Loncar, P. and Lopez, J. A. and Lopez, X. and López Torres, E. and Luhder, J. R. and Lunardon, M. and Luparello, G. and Ma, Y. G. and Maevskaya, A. and Mager, M. and Mahmoud, T. and Maire, A. and Malaev, M. and Malik, N. M. and Malik, Q. W. and Malik, S. K. and Malinina, L. and Mal’Kevich, D. and Mallick, N. and Malzacher, P. and Mandaglio, G. and Manko, V. and Manso, F. and Manzari, V. and Mao, Y. and Mareš, J. and Margagliotti, G. V. and Margotti, A. and Marín, A. and Markert, C. and Marquard, M. and Martin, N. A. and Martinengo, P. and Martinez, J. L. and Martínez, M. I. and Martínez García, G. and Masciocchi, S. and Masera, M. and Masoni, A. and Massacrier, L. and Mastroserio, A. and Mathis, A. M. and Matonoha, O. and Matuoka, P. F. T. and Matyja, A. and Mayer, C. and Mazuecos, A. L. and Mazzaschi, F. and Mazzilli, M. and Mazzoni, M. A. and Mdhluli, J. E. and Mechler, A. F. and Meddi, F. and Melikyan, Y. and Menchaca-Rocha, A. and Meninno, E. and Menon, A. S. and Meres, M. and Mhlanga, S. and Miake, Y. and Micheletti, L. and Migliorin, L. C. and Mihaylov, D. L. and Mikhaylov, K. and Mishra, A. N. and Miśkowiec, D. and Modak, A. and Mohanty, A. P. and Mohanty, B. and Mohisin Khan, M. and Molander, M. A. and Moravcova, Z. and Mordasini, C. and Moreira De Godoy, D. A. and Morozov, I. and Morsch, A. and Mrnjavac, T. and Muccifora, V. and Mudnic, E. and Mughal, B. J. and Mühlheim, D. and Muhuri, S. and Mulligan, J. D. and Mulliri, A. and Munhoz, M. G. and Munzer, R. H. and Murakami, H. and Murray, S. and Musa, L. and Musinsky, J. and Myrcha, J. W. and Naik, B. and Nair, R. and Nandi, B. K. and Nania, R. and Nappi, E. and Nassirpour, A. F. and Nath, A. and Nattrass, C. and Neagu, A. and Nellen, L. and Nesbo, S. V. and Neskovic, G. and Nesterov, D. and Nielsen, B. S. and Nikolaev, S. and Nikulin, S. and Nikulin, V. and Noferini, F. and Noh, S. and Nomokonov, P. and Norman, J. and Novitzky, N. and Nowakowski, P. and Nyanin, A. and Nystrand, J. and Ogino, M. and Ohlson, A. and Okorokov, V. A. and Oleniacz, J. and Oliveira Da Silva, A. C. and Oliver, M. H. and Onnerstad, A. and Oppedisano, C. and Ortiz Velasquez, A. and Osako, T. and Oskarsson, A. and Otwinowski, J. and Oya, M. and Oyama, K. and Pachmayer, Y. and Padhan, S. and Pagano, D. and Paić, G. and Palasciano, A. and Pan, J. and Panebianco, S. and Pareek, P. and Park, J. and Parkkila, J. E. and Pathak, S. P. and Patra, R. N. and Paul, B. and Pei, H. and Peitzmann, T. and Peng, X. and Pereira, L. G. and Pereira Da Costa, H. and Peresunko, D. and Perez, G. M. and Perrin, S. and Pestov, Y. and Petráček, V. and Petrovici, M. and Pezzi, R. P. and Piano, S. and Pikna, M. and Pillot, P. and Pinazza, O. and Pinsky, L. and Pinto, C. and Pisano, S. and Płoskoń, M. and Planinic, M. and Pliquett, F. and Poghosyan, M. G. and Polichtchouk, B. and Politano, S. and Poljak, N. and Pop, A. and Porteboeuf-Houssais, S. and Porter, J. and Pozdniakov, V. and Prasad, S. K. and Preghenella, R. and Prino, F. and Pruneau, C. A. and Pshenichnov, I. and Puccio, M. and Qiu, S. and Quaglia, L. and Quishpe, R. E. and Ragoni, S. and Rakotozafindrabe, A. and Ramello, L. and Rami, F. and Ramirez, S. A. R. and Ramos, A. G. T. and Rancien, T. A. and Raniwala, R. and Raniwala, S. and Räsänen, S. S. and Rath, R. and Ravasenga, I. and Read, K. F. and Redelbach, A. R. and Redlich, K. and Rehman, A. and Reichelt, P. and Reidt, F. and Reme-ness, H. A. and Renfordt, R. and Rescakova, Z. and Reygers, K. and Riabov, A. and Riabov, V. and Richert, T. and Richter, M. and Riegler, W. and Riggi, F. and Ristea, C. and Rodríguez Cahuantzi, M. and Røed, K. and Rogalev, R. and Rogochaya, E. and Rogoschinski, T. S. and Rohr, D. and Röhrich, D. and Rojas, P. F. and Rokita, P. S. and Ronchetti, F. and Rosano, A. and Rosas, E. D. and Rossi, A. and Rotondi, A. and Roy, A. and Roy, P. and Roy, S. and Rubini, N. and Rueda, O. V. and Ruggiano, D. and Rui, R. and Rumyantsev, B. and Russek, P. G. and Russo, R. and Rustamov, A. and Ryabinkin, E. and Ryabov, Y. and Rybicki, A. and Rytkonen, H. and Rzesa, W. and Saarimaki, O. A. M. and Sadek, R. and Sadovsky, S. and Saetre, J. and Šafařík, K. and Saha, S. K. and Saha, S. and Sahoo, B. and Sahoo, P. and Sahoo, R. and Sahoo, S. and Sahu, D. and Sahu, P. K. and Saini, J. and Sakai, S. and Salvan, M. P. and Sambyal, S. and Samsonov, V. and Sarkar, D. and Sarkar, N. and Sarma, P. and Sarti, V. M. and Sas, M. H. P. and Schambach, J. and Scheid, H. S. and Schiaua, C. and Schicker, R. and Schmah, A. and Schmidt, C. and Schmidt, H. R. and Schmidt, M. O. and Schmidt, M. and Schmidt, N. V. and Schmier, A. R. and Schotter, R. and Schukraft, J. and Schwarz, K. and Schweda, K. and Scioli, G. and Scomparin, E. and Seger, J. E. and Sekiguchi, Y. and Sekihata, D. and Selyuzhenkov, I. and Senyukov, S. and Seo, J. J. and Serebryakov, D. and Šerkšnytė, L. and Sevcenco, A. and Shaba, T. J. and Shabanov, A. and Shabetai, A. and Shahoyan, R. and Shaikh, W. and Shangaraev, A. and Sharma, A. and Sharma, H. and Sharma, M. and Sharma, N. and Sharma, S. and Sharma, U. and Sheibani, O. and Shigaki, K. and Shimomura, M. and Shirinkin, S. and Shou, Q. and Sibiriak, Y. and Siddhanta, S. and Siemiarczuk, T. and Silva, T. F. and Silvermyr, D. and Simantathammakul, T. and Simonetti, G. and Singh, B. and Singh, R. and Singh, R. and Singh, R. and Singh, V. K. and Singhal, V. and Sinha, T. and Sitar, B. and Sitta, M. and Skaali, T. B. and Skorodumovs, G. and Slupecki, M. and Smirnov, N. and Snellings, R. J. M. and Soncco, C. and Song, J. and Songmoolnak, A. and Soramel, F. and Sorensen, S. and Sputowska, I. and Stachel, J. and Stan, I. and Steffanic, P. J. and Stiefelmaier, S. F. and Stocco, D. and Storehaug, I. and Storetvedt, M. M. and Stratmann, P. and Stylianidis, C. P. and Suaide, A. A. P. and Sugitate, T. and Suire, C. and Sukhanov, M. and Suljic, M. and Sultanov, R. and Sumberia, V. and Sumowidagdo, S. and Swain, S. and Szabo, A. and Szarka, I. and Tabassam, U. and Taghavi, S. F. and Taillepied, G. and Takahashi, J. and Tambave, G. J. and Tang, S. and Tang, Z. and Tapia Takaki, J. D. and Tarhini, M. and Tarzila, M. G. and Tauro, A. and Tejeda Muñoz, G. and Telesca, A. and Terlizzi, L. and Terrevoli, C. and Tersimonov, G. and Thakur, S. and Thomas, D. and Tieulent, R. and Tikhonov, A. and Timmins, A. R. and Tkacik, M. and Toia, A. and Topilskaya, N. and Toppi, M. and Torales-Acosta, F. and Tork, T. and Torres, S. R. and Trifiró, A. and Tripathy, S. and Tripathy, T. and Trogolo, S. and Trubnikov, V. and Trzaska, W. H. and Trzcinski, T. P. and Trzeciak, B. A. and Tumkin, A. and Turrisi, R. and Tveter, T. S. and Ullaland, K. and Uras, A. and Urioni, M. and Usai, G. L. and Vala, M. and Valle, N. and Vallero, S. and van der Kolk, N. and van Doremalen, L. V. R. and van Leeuwen, M. and Vande Vyvre, P. and Varga, D. and Varga, Z. and Varga-Kofarago, M. and Vasileiou, M. and Vasiliev, A. and Vázquez Doce, O. and Vechernin, V. and Vercellin, E. and Vergara Limón, S. and Vermunt, L. and Vértesi, R. and Verweij, M. and Vickovic, L. and Vilakazi, Z. and Villalobos Baillie, O. and Vino, G. and Vinogradov, A. and Virgili, T. and Vislavicius, V. and Vodopyanov, A. and Volkel, B. and Völkl, M. A. and Voloshin, K. and Voloshin, S. A. and Volpe, G. and von Haller, B. and Vorobyev, I. and Voscek, D. and Vozniuk, N. and Vrláková, J. and Wagner, B. and Wang, C. and Wang, D. and Weber, M. and Weelden, R. J. G. V. and Wegrzynek, A. and Wenzel, S. C. and Wessels, J. P. and Wiechula, J. and Wikne, J. and Wilk, G. and Wilkinson, J. and Willems, G. A. and Windelband, B. and Winn, M. and Witt, W. E. and Wright, J. R. and Wu, W. and Wu, Y. and Xu, R. and Yadav, A. K. and Yalcin, S. and Yamaguchi, Y. and Yamakawa, K. and Yang, S. and Yano, S. and Yasin, Z. and Yin, Z. and Yokoyama, H. and Yoo, I.-K. and Yoon, J. H. and Yuan, S. and Yuncu, A. and Zaccolo, V. and Zampolli, C. and Zanoli, H. J. C. and Zardoshti, N. and Zarochentsev, A. and Závada, P. and Zaviyalov, N. and Zhalov, M. and Zhang, B. and Zhang, S. and Zhang, X. and Zhang, Y. and Zherebchevskii, V. and Zhi, Y. and Zhigareva, N. and Zhou, D. and Zhou, Y. and Zhu, J. and Zhu, Y. and Zichichi, A. and Zinovjev, G. and Zurlo, N.},
   year={2022},
   month=jan }


@misc{pythia8300,
      title={A comprehensive guide to the physics and usage of PYTHIA 8.3}, 
      author={Christian Bierlich and Smita Chakraborty and Nishita Desai and Leif Gellersen and Ilkka Helenius and Philip Ilten and Leif Lönnblad and Stephen Mrenna and Stefan Prestel and Christian T. Preuss and Torbjörn Sjöstrand and Peter Skands and Marius Utheim and Rob Verheyen},
      year={2022},
      eprint={2203.11601},
      archivePrefix={arXiv},
      primaryClass={hep-ph},
      url={https://arxiv.org/abs/2203.11601}, 
}

% dati protoni + antiprotoni
@article{ALICE:2020jsh,
    author = "Acharya, Shreyasi and others",
    collaboration = "ALICE",
    title = "{Production of light-flavor hadrons in pp collisions at $\sqrt{s}~=~7\text { and }\sqrt{s} = 13 \, \text { TeV} $}",
    eprint = "2005.11120",
    archivePrefix = "arXiv",
    primaryClass = "nucl-ex",
    reportNumber = "CERN-EP-2020-059",
    doi = "10.1140/epjc/s10052-020-08690-5",
    journal = "Eur. Phys. J. C",
    volume = "81",
    number = "3",
    pages = "256",
    year = "2021"
}

% dati deuteroni e antideuteroni
@article{ALICE:2020foi,
    author = "Acharya, S. and others",
    collaboration = "ALICE",
    title = "{(Anti-)deuteron production in pp collisions at $\sqrt{s}=13 \ \text {TeV}$}",
    eprint = "2003.03184",
    archivePrefix = "arXiv",
    primaryClass = "nucl-ex",
    reportNumber = "CERN-EP-2020-025",
    doi = "10.1140/epjc/s10052-020-8256-4",
    journal = "Eur. Phys. J. C",
    volume = "80",
    number = "9",
    pages = "889",
    year = "2020"
}

% immagine He3
@article{Doetinchem_2020,
   title={Cosmic-ray antinuclei as messengers of new physics: status and outlook for the new decade},
   volume={2020},
   ISSN={1475-7516},
   url={http://dx.doi.org/10.1088/1475-7516/2020/08/035},
   DOI={10.1088/1475-7516/2020/08/035},
   number={08},
   journal={Journal of Cosmology and Astroparticle Physics},
   publisher={IOP Publishing},
   author={Doetinchem, P. von and Perez, K. and Aramaki, T. and Baker, S. and Barwick, S. and Bird, R. and Boezio, M. and Boggs, S.E. and Cui, M. and Datta, A. and Donato, F. and Evoli, C. and Fabris, L. and Fabbietti, L. and Bueno, E. Ferronato and Fornengo, N. and Fuke, H. and Gerrity, C. and Coral, D. Gomez and Hailey, C. and Hooper, D. and Kachelriess, M. and Korsmeier, M. and Kozai, M. and Lea, R. and Li, N. and Lowell, A. and Manghisoni, M. and Moskalenko, I.V. and Munini, R. and Naskret, M. and Nelson, T. and Ng, K.C.Y. and Nozzoli, F. and Oliva, A. and Ong, R.A. and Osteria, G. and Pierog, T. and Poulin, V. and Profumo, S. and Pöschl, T. and Quinn, S. and Re, V. and Rogers, F. and Ryan, J. and Saffold, N. and Sakai, K. and Salati, P. and Schael, S. and Serksnyte, L. and Shukla, A. and Stoessl, A. and Tjemsland, J. and Vannuccini, E. and Vecchi, M. and Winkler, M.W. and Wright, D. and Xiao, M. and Xu, W. and Yoshida, T. and Zampa, G. and Zuccon, P.},
   year={2020},
   month=aug, pages={035–035}
}

% energia di formazione del deuterone
@article{2011STAREeuteronEormationEnergy,
   author={STAR COLLABORATION},
   title={Observation of the antimatter helium-4 nucleus},
   volume={473},
   ISSN={1476-4687},
   url={http://dx.doi.org/10.1038/nature10079},
   DOI={10.1038/nature10079},
   number={7347},
   journal={Nature},
   publisher={Springer Science and Business Media LLC},
   year={2011},
   month=apr, pages={353–356}
}

% boh non mi ricordo
@misc{Gibson_Duane_Newman_Ogren_Henning_Jarlskog_Little_Sanford_Wu_B&Oslash;ggild_etal._2008, 
    title={Production of deuterons and antideuterons in Proton-proton collisions at the CERN ISR - lettere al nuovo cimento (1971-1985)}, 
    url={https://link.springer.com/article/10.1007/BF02822248#citeas},
    journal={SpringerLink},
    publisher={Società Italiana di Fisica},
    author={Gibson, W. M. and Duane, A. and Newman, H. and Ogren, H. and Henning, S. and Jarlskog, G. and Little, R. and Sanford, T. and Wu, S. L. and BØggild, H. and et al.},
    year={2008}} 

% rapporto materia/antimateria
@article{Acharya_2018,
   title={Production of deuterons, tritons, He$^3$ nuclei, and their antinuclei in pp collisions at $\sqrt{s}=0.9$, 2.76, and 7 TeV},
   volume={97},
   ISSN={2469-9993},
   url={http://dx.doi.org/10.1103/PhysRevC.97.024615},
   DOI={10.1103/physrevc.97.024615},
   number={2},
   journal={Physical Review C},
   publisher={American Physical Society (APS)},
   author={Acharya, S. and Adam, J. and Adamová, D. and Adolfsson, J. and Aggarwal, M. M. and Aglieri Rinella, G. and Agnello, M. and Agrawal, N. and Ahammed, Z. and Ahmad, N. and Ahn, S. U. and et al},
   year={2018},
   month=feb }

% root cern
@software{fons_rademakers_2020_3895855,
  author       = {Fons Rademakers and
                  Philippe Canal and
                  Axel Naumann and
                  Olivier Couet and
                  Lorenzo Moneta and
                  Vassil Vassilev and
                  Sergey Linev and
                  Danilo Piparo and
                  Gerardo GANIS and
                  Bertrand Bellenot and
                  Enrico Guiraud and
                  Guilherme Amadio and
                  wverkerke and
                  Pere Mato and
                  TimurP and
                  Matevž Tadel and
                  wlav and
                  Enric Tejedor and
                  Jakob Blomer and
                  Andrei Gheata and
                  Stephan Hageboeck and
                  Stefan Roiser and
                  marsupial and
                  Stefan Wunsch and
                  Oksana Shadura and
                  Anirudha Bose and
                  CristinaCristescu and
                  Xavier Valls and
                  Raphael Isemann and
                  Kim Albertsson},
  title        = {root-project/root: v6.20/04},
  month        = jun,
  year         = 2020,
  publisher    = {Zenodo},
  version      = {v6-20-04},
  doi          = {10.5281/zenodo.3895855},
  url          = {https://doi.org/10.5281/zenodo.3895855}
}

% immagine qgp
@article{QGPbraun,
    author = {Braun-Munzinger, Peter and Dönigus, Benjamin},
    year = {2019},
    month = {04},
    pages = {},
    title = {Loosely-bound objects produced in nuclear collisions at the LHC},
    volume = {987},
    journal = {Nuclear Physics A},
    doi = {10.1016/j.nuclphysa.2019.02.006}
}

% lhc macchina più potente
@article{Lyndon_Evans_2008,
doi = {10.1088/1748-0221/3/08/S08001},
url = {https://dx.doi.org/10.1088/1748-0221/3/08/S08001},
year = {2008},
month = {aug},
publisher = {},
volume = {3},
number = {08},
pages = {S08001},
author = {Lyndon Evans and  Philip Bryant},
title = {LHC Machine},
journal = {Journal of Instrumentation},
abstract = {The Large Hadron Collider (LHC) at CERN near Geneva is the world's newest and most powerful tool for Particle Physics research. It is designed to collide proton beams with a centre-of-mass energy of 14 TeV and an unprecedented luminosity of 1034 cm−2 s−1. It can also collide heavy (Pb) ions with an energy of 2.8 TeV per nucleon and a peak luminosity of 1027 cm−2 s−1. In this paper, the machine design is described.}
}

% alice
@article{The_ALICE_Collaboration_2008,
doi = {10.1088/1748-0221/3/08/S08002},
url = {https://dx.doi.org/10.1088/1748-0221/3/08/S08002},
year = {2008},
month = {aug},
publisher = {},
volume = {3},
number = {08},
pages = {S08002},
author = {The ALICE Collaboration and  K Aamodt and  A Abrahantes Quintana and  R Achenbach and  S Acounis and  D Adamová and  C Adler and  M Aggarwal and  F Agnese and  G Aglieri Rinella and  Z Ahammed and  A Ahmad and  N Ahmad and  S Ahmad and  A Akindinov and  P Akishin and  D Aleksandrov and  B Alessandro and  R Alfaro and  G Alfarone and  A Alici and  J Alme and  T Alt and  S Altinpinar and  W Amend and  C Andrei and  Y Andres and  A Andronic and  G Anelli and  M Anfreville and  V Angelov and  A Anzo and  C Anson and  T Anticić and  V Antonenko and  D Antonczyk and  F Antinori and  S Antinori and  P Antonioli and  L Aphecetche and  H Appelshäuser and  V Aprodu and  M Arba and  S Arcelli and  A Argentieri and  N Armesto and  R Arnaldi and  A Arefiev and  I Arsene and  A Asryan and  A Augustinus and  T C Awes and  J Äysto and  M Danish Azmi and  S Bablock and  A Badalà and  S K Badyal and  J Baechler and  S Bagnasco and  R Bailhache and  R Bala and  A Baldisseri and  A Baldit and  J Bán and  R Barbera and  P-L Barberis and  J M Barbet and  G Barnäfoldi and  V Barret and  J Bartke and  D Bartos and  M Basile and  V Basmanov and  N Bastid and  G Batigne and  B Batyunya and  J Baudot and  C Baumann and  I Bearden and  B Becker and  J Belikov and  R Bellwied and  E Belmont-Moreno and  A Belogianni and  S Belyaev and  A Benato and  J L Beney and  L Benhabib and  F Benotto and  S Beolé and  I Berceanu and  A Bercuci and  E Berdermann and  Y Berdnikov and  C Bernard and  R Berny and  J D Berst and  H Bertelsen and  L Betev and  A Bhasin and  P Baskar and  A Bhati and  N Bianchi and  J Bielčik and  J Bielčiková and  L Bimbot and  G Blanchard and  F Blanco and  F Blanco and  D Blau and  C Blume and  S Blyth and  M Boccioli and  A Bogdanov and  H Bøggild and  M Bogolyubsky and  L Boldizsár and  M Bombara and  C Bombonati and  M Bondila and  D Bonnet and  V Bonvicini and  H Borel and  F Borotto and  V Borshchov and  Y Bortoli and  O Borysov and  S Bose and  L Bosisio and  M Botje and  S Böttger and  G Bourdaud and  O Bourrion and  S Bouvier and  A Braem and  M Braun and  P Braun-Munzinger and  L Bravina and  M Bregant and  G Bruckner and  R Brun and  E Bruna and  O Brunasso and  G E Bruno and  D Bucher and  V Budilov and  D Budnikov and  H Buesching and  P Buncic and  M Burns and  S Burachas and  O Busch and  J Bushop and  X Cai and  H Caines and  F Calaon and  M Caldogno and  I Cali and  P Camerini and  R Campagnolo and  M Campbell and  X Cao and  G P Capitani and  G Cara Romeo and  M Cardenas-Montes and  H Carduner and  F Carena and  W Carena and  P Cariola and  F Carminati and  J Casado and  A Casanova Diaz and  M Caselle and  J Castillo Castellanos and  J Castor and  V Catanescu and  E Cattaruzza and  D Cavazza and  P Cerello and  S Ceresa and  V Černý and  V Chambert and  S Chapeland and  A Charpy and  D Charrier and  M Chartoire and  J L Charvet and  S Chattopadhyay and  S Chattopadhyay and  V Chepurnov and  S Chernenko and  M Cherney and  C Cheshkov and  B Cheynis and  P Chochula and  E Chiavassa and  V Chibante Barroso and  J Choi and  P Christakoglou and  P Christiansen and  C Christensen and  O A Chykalov and  C Cicalo and  L Cifarelli-Strolin and  M Ciobanu and  F Cindolo and  C Cirstoiu and  O Clausse and  J Cleymans and  O Cobanoglu and  J-P Coffin and  S Coli and  A Colla and  C Colledani and  C Combaret and  M Combet and  M Comets and  G Conesa Balbastre and  Z Conesa del Valle and  G Contin and  J Contreras and  T Cormier and  F Corsi and  P Cortese and  F Costa and  E Crescio and  P Crochet and  E Cuautle and  J Cussonneau and  M Dahlinger and  A Dainese and  H H Dalsgaard and  L Daniel and  I Das and  T Das and  A Dash and  R Da Silva and  M Davenport and  H Daues and  A De Caro and  G de Cataldo and  J De Cuveland and  A De Falco and  M de Gaspari and  P de Girolamo and  J de Groot and  D De Gruttola and  A De Haas and  N De Marco and  S De Pasquale and  P De Remigis and  D de Vaux and  G Decock and  H Delagrange and  M Del Franco and  G Dellacasa and  C Dell'Olio and  D Dell'Olio and  A Deloff and  V Demanov and  E Dénes and  G D'Erasmo and  D Derkach and  A Devaux and  D Di Bari and  A Di Bartolomeo and  C Di Giglio and  S Di Liberto and  A Di Mauro and  P Di Nezza and  M Dialinas and  L Diaz and  R Díaz Valdes and  T Dietel and  R Dima and  H Ding and  C Dinca and  R Divià and  V Dobretsov and  A Dobrin and  B Doenigus and  T Dobrowolski and  I Domínguez and  M Dorn and  S Drouet and  A E Dubey and  L Ducroux and  F Dumitrache and  E Dumonteil and  P Dupieux and  V Duta and  A Dutta Majumdar and  M Dutta Majumdar and  Th Dyhre and  L Efimov and  A Efremov and  D Elia and  D Emschermann and  C Engster and  A Enokizono and  B Espagnon and  M Estienne and  A Evangelista and  D Evans and  S Evrard and  C W Fabjan and  D Fabris and  J Faivre and  D Falchieri and  A Fantoni and  R Farano and  R Fearick and  O Fedorov and  V Fekete and  D Felea and  G Feofilov and  A Férnandez Téllez and  A Ferretti and  F Fichera and  S Filchagin and  E Filoni and  C Finck and  R Fini and  E M Fiore and  D Flierl and  M Floris and  Z Fodor and  Y Foka and  S Fokin and  P Force and  F Formenti and  E Fragiacomo and  M Fragkiadakis and  D Fraissard and  A Franco and  M Franco and  U Frankenfeld and  U Fratino and  S Fresneau and  A Frolov and  U Fuchs and  J Fujita and  C Furget and  M Furini and  M Fusco Girard and  J-J Gaardhøje and  A Gabrielli and  S Gadrat and  M Gagliardi and  A Gago and  L Gaido and  A Gallas Torreira and  M Gallio and  E Gandolfi and  P Ganoti and  M Ganti and  J Garabatos and  A Garcia Lopez and  L Garizzo and  L Gaudichet and  R Gemme and  M Germain and  A Gheata and  M Gheata and  B Ghidini and  P Ghosh and  G Giolu and  G Giraudo and  P Giubellino and  R Glasow and  P Glässel and  E G Ferreiro and  C Gonzalez Gutierrez and  L H Gonzales-Trueba and  S Gorbunov and  Y Gorbunov and  H Gos and  J Gosset and  S Gotovac and  H Gottschlag and  D Gottschalk and  V Grabski and  T Grassi and  H Gray and  O Grebenyuk and  K Grebieszkow and  C Gregory and  C Grigoras and  N Grion and  V Grigoriev and  A Grigoryan and  C Grigoryan and  S Grigoryan and  Y Grishuk and  P Gros and  J Grosse-Oetringhaus and  J-Y Grossiord and  R Grosso and  B Grynyov and  C Guarnaccia and  F Guber and  F Guerin and  R Guernane and  M Guerzoni and  A Guichard and  M Guida and  G Guilloux and  H Gulkanyan and  K Gulbrandsen and  T Gunji and  A Gupta and  V Gupta and  H-A Gustafsson and  H Gutbrod and  C Hadjidakis and  M Haiduc and  G Hamar and  H Hamagaki and  J Hamblen and  J C Hansen and  P Hardy and  D Hatzifotiadou and  J W Harris and  M Hartig and  A Harutyunyan and  A Hayrapetyan and  D Hasch and  D Hasegan and  J Hehner and  N Heine and  M Heinz and  H Helstrup and  A Herghelegiu and  S Herlant and  G Herrera Corral and  N Herrmann and  K Hetland and  P Hille and  H Hinke and  B Hippolyte and  M Hoch and  H Hoebbel and  H Hoedlmoser and  T Horaguchi and  M Horner and  P Hristov and  I Hřivnáčová and  S Hu and  C Hu Guo and  T Humanic and  A Hurtado and  D S Hwang and  J C Ianigro and  M Idzik and  S Igolkin and  R Ilkaev and  I Ilkiv and  M Imhoff and  P G Innocenti and  E Ionescu and  M Ippolitov and  M Irfan and  C Insa and  M Inuzuka and  C Ivan and  A Ivanov and  M Ivanov and  V Ivanov and  P Jacobs and  A Jacholkowski and  L Jančurová and  R Janik and  M Jasper and  C Jena and  L Jirden and  D P Johnson and  G T Jones and  C Jorgensen and  F Jouve and  P Jovanović and  A Junique and  A Jusko and  H Jung and  W Jung and  K Kadija and  A Kamal and  R Kamermans and  S Kapusta and  A Kaidalov and  V Kakoyan and  S Kalcher and  E Kang and  J Kapitan and  V Kaplin and  K Karadzhev and  O Karavichev and  T Karavicheva and  E Karpechev and  K Karpio and  A Kazantsev and  U Kebschull and  R Keidel and  M Mohsin Khan and  A Khanzadeev and  Y Kharlov and  D Kikola and  B Kileng and  D Kim and  D S Kim and  D W Kim and  H N Kim and  J S Kim and  S Kim and  J B Kinson and  S K Kiprich and  I Kisel and  S Kiselev and  A Kisiel and  T Kiss and  V Kiworra and  J Klay and  C Klein Bösing and  M Kliemant and  A Klimov and  A Klovning and  A Kluge and  R Kluit and  S Kniege and  R Kolevatov and  T Kollegger and  A Kolojvari and  V Kondratiev and  E Kornas and  E Koshurnikov and  I Kotov and  R Kour and  M Kowalski and  S Kox and  K Kozlov and  I Králik and  F Kramer and  I Kraus and  A Kravčáková and  T Krawutschke and  M Krivda and  E Kryshen and  Y Kucheriaev and  A Kugler and  C Kuhn and  P Kuijer and  L Kumar and  N Kumar and  P Kumpumaeki and  A Kurepin and  A N Kurepin and  S Kushpil and  V Kushpil and  M Kutovsky and  H Kvaerno and  M Kweon and  J-C Labbé and  F Lackner and  P Ladron de Guevara and  V Lafage and  P La Rocca and  M Lamont and  C Lara and  D T Larsen and  G Laurenti and  C Lazzeroni and  Y Le Bornec and  N Le Bris and  C Le Gailliard and  V Lebedev and  J Lecoq and  K S Lee and  S C Lee and  F Lefévre and  I Legrand and  T Lehmann and  L Leistam and  P Lenoir and  V Lenti and  H Leon and  I Leon Monzon and  P Lévai and  Q Li and  X Li and  F Librizzi and  R Lietava and  N Lindegaard and  V Lindenstruth and  C Lippmann and  M Lisa and  O M Listratenko and  F Littel and  Y Liu and  J Lo and  V Lobanov and  V Loginov and  M López Noriega and  R López-Ramírez and  E López Torres and  P M Lorenzo and  G Løvhøiden and  S Lu and  W Ludolphs and  M Lunardon and  L Luquin and  S Lusso and  J-R Lutz and  M Luvisetto and  V Lyapin and  A Maevskaya and  C Magureanu and  A Mahajan and  S Majahan and  T Mahmoud and  A Mairani and  D Mahapatra and  A Makarov and  I Makhlyueva and  M Malek and  T Malkiewicz and  D Mal'Kevich and  P Malzacher and  A Mamonov and  C Manea and  L K Mangotra and  D Maniero and  V Manko and  F Manso and  V Manzari and  Y Mao and  A Marcel and  S Marchini and  J Mareš and  G V Margagliotti and  A Margotti and  A Marin and  J-C Marin and  D Marras and  P Martinengo and  M I Martínez and  A Martinez-Davalos and  G Martínez Garcia and  S Martini and  A Marzari Chiesa and  C Marzocca and  S Masciocchi and  M Masera and  M Masetti and  N I Maslov and  A Masoni and  F Massera and  M Mast and  A Mastroserio and  Z L Matthews and  B Mayer and  G Mazza and  M D Mazzaro and  A Mazzoni and  F Meddi and  E Meleshko and  A Menchaca-Rocha and  S Meneghini and  M Meoni and  J Mercado Perez and  P Mereu and  O Meunier and  Y Miake and  A Michalon and  R Michinelli and  N Miftakhov and  M Mignone and  K Mikhailov and  J Milosevic and  Y Minaev and  F Minafra and  A Mischke and  D Miśkowiec and  V Mitsyn and  C Mitu and  B Mohanty and  D Moisa and  L Molnar and  M Mondal and  N Mondal and  L Montaño Zetina and  M Monteno and  M Morando and  M Morel and  S Moretto and  Th Morhardt and  A Morsch and  T Moukhanova and  M Mucchi and  V Muccifora and  E Mudnic and  H Müller and  W Müller and  J Munoz and  D Mura and  L Musa and  J F Muraz and  A Musso and  R Nania and  B Nandi and  E Nappi and  F Navach and  S Navin and  T Nayak and  S Nazarenko and  G Nazarov and  L Nellen and  F Nendaz and  A Nianine and  M Nicassio and  B S Nielsen and  S Nikolaev and  V Nikolic and  S Nikulin and  V Nikulin and  B Nilsen and  M Nitti and  F Noferini and  P Nomokonov and  G Nooren and  F Noto and  D Nouais and  A Nyiri and  J Nystrand and  G Odyniec and  H Oeschler and  M Oinonen and  M Oldenburg and  I Oleks and  E K Olsen and  V Onuchin and  C Oppedisano and  F Orsini and  A Ortiz-Velázquez and  C Oskamp and  A Oskarsson and  F Osmic and  L Österman and  I Otterlund and  G Ovrebekk and  K Oyama and  M Pachr and  P Pagano and  G Paić and  C Pajares and  S Pal and  S Pal and  G Pálla and  A Palmeri and  G Pancaldi and  R Panse and  A Pantaleo and  G S Pappalardo and  B Pastirčák and  C Pastore and  O Patarakin and  V Paticchio and  G Patimo and  A Pavlinov and  T Pawlak and  T Peitzmann and  Y Pénichot and  A Pepato and  H Pereira and  D Peresunko and  C Perez and  J Perez Griffo and  D Perini and  D Perrino and  W Peryt and  A Pesci and  V Peskov and  Y Pestov and  A J Peters and  V Petráček and  A Petridis and  M Petris and  V Petrov and  V Petrov and  M Petrovici and  J Peyré and  S Piano and  A Piccotti and  P Pichot and  C Piemonte and  M Pikna and  R Pilastrini and  P Pillot and  O Pinazza and  B Pini and  L Pinsky and  V Pinto Morais and  V Pismennaya and  F Piuz and  R Platt and  M Ploskon and  S Plumeri and  J Pluta and  T Pocheptsov and  P Podesta and  F Poggio and  M Poghosyan and  T Poghosyan and  K Polák and  B Polichtchouk and  P Polozov and  V Polyakov and  B Pommeresch and  F Pompei and  A Pop and  S Popescu and  F Posa and  V Pospíšil and  B Potukuchi and  J Pouthas and  S Prasad and  R Preghenella and  F Prino and  L Prodan and  G Prono and  M A Protsenko and  C A Pruneau and  A Przybyla and  I Pshenichnov and  G Puddu and  P Pujahari and  A Pulvirenti and  A Punin and  V Punin and  J Putschke and  J Quartieri and  E Quercigh and  I Rachevskaya and  A Rachevski and  A Rademakers and  S Radomski and  A Radu and  J Rak and  L Ramello and  R Raniwala and  S Raniwala and  O B Rasmussen and  J Rasson and  V Razin and  K Read and  J Real and  K Redlich and  C Reichling and  C Renard and  G Renault and  R Renfordt and  A R Reolon and  A Reshetin and  J-P Revol and  K Reygers and  H Ricaud and  L Riccati and  R A Ricci and  M Richter and  P Riedler and  L M Rigalleau and  F Riggi and  W Riegler and  E Rindel and  J Riso and  A Rivetti and  M Rizzi and  V Rizzi and  M Rodriguez Cahuantzi and  K Røed and  D Röhrich and  S Román-López and  M Romanato and  R Romita and  F Ronchetti and  P Rosinsky and  P Rosnet and  S Rossegger and  A Rossi and  V Rostchin and  F Rotondo and  F Roukoutakis and  S Rousseau and  C Roy and  D Roy and  P Roy and  L Royer and  G Rubin and  A Rubio and  R Rui and  I Rusanov and  G Russo and  V Ruuskanen and  E Ryabinkin and  A Rybicki and  S Sadovsky and  K Šafařík and  R Sahoo and  J Saini and  P Saiz and  S Salur and  S Sambyal and  V Samsonov and  L Šándor and  A Sandoval and  H Sann and  J-C Santiard and  R Santo and  R Santoro and  G Sargsyan and  P Saturnini and  E Scapparone and  F Scarlassara and  B Schackert and  C Schiaua and  R Schicker and  T Schioler and  J D Schippers and  C Schmidt and  H Schmidt and  R Schneider and  K Schossmaier and  J Schukraft and  Y Schutz and  K Schwarz and  K Schweda and  E Schyns and  G Scioli and  E Scomparin and  H Snow and  S Sedykh and  G Segato and  S Sellitto and  F Semeria and  S Senyukov and  H Seppänen and  S Serci and  L Serkin and  S Serra and  T Sesselmann and  A Sevcenco and  I Sgura and  G Shabratova and  R Shahoyan and  E Sharkov and  S Sharma and  K Shigaki and  K Shileev and  P Shukla and  A Shurygin and  M Shurygina and  Y Sibiriak and  E Siddi and  T Siemiarczuk and  M H Sigward and  A Silenzi and  D Silvermyr and  R Silvestri and  E Simili and  V Simion and  R Simon and  L Simonetti and  R Singaraju and  V Singhal and  B Sinha and  T Sinha and  M Siska and  B Sitár and  M Sitta and  B Skaali and  P Skowronski and  M Slodkowski and  N Smirnov and  L Smykov and  R Snellings and  W Snoeys and  C Soegaard and  J Soerensen and  O Sokolov and  A Soldatov and  A Soloviev and  H Soltveit and  R Soltz and  W Sommer and  C Soos and  F Soramel and  S Sorensen and  D Soyk and  M Spyropoulou-Stassinaki and  J Stachel and  F Staley and  I Stan and  A Stavinskiy and  J Steckert and  G Stefanini and  G Stefanek and  T Steinbeck and  H Stelzer and  E Stenlund and  D Stocco and  M Stockmeier and  G Stoicea and  P Stolpovsky and  P Strmeň and  J S Stutzmann and  G Su and  T Sugitate and  M Šumbera and  C Suire and  T Susa and  K Sushil Kumar and  D Swoboda and  J Symons and  I Szarka and  A Szostak and  M Szuba and  P Szymanski and  M Tadel and  C Tagridis and  L Tan and  D Tapia Takaki and  H Taureg and  A Tauro and  M Tavlet and  G Tejeda Munoz and  J Thäder and  R Tieulent and  P Timmer and  T Tolyhy and  N Topilskaya and  C Torcato de Matos and  H Torii and  L Toscano and  F Tosello and  A Tournaire and  T Traczyk and  G Tröger and  W Tromeur and  D Truesdale and  W Trzaska and  G Tsiledakis and  E Tsilis and  A Tsvetkov and  M Turcato and  R Turrisi and  M Tuveri and  T Tveter and  H Tydesjo and  L Tykarski and  K Tywoniuk and  E Ugolini and  K Ullaland and  J Urbán and  G M Urciuoli and  G L Usai and  M Usseglio and  A Vacchi and  M Vala and  F Valiev and  P Vande Vyvre and  A Van Den Brink and  N Van Eijndhoven and  N Van Der Kolk and  M van Leeuwen and  L Vannucci and  S Vanzetto and  J-P Vanuxem and  M A Vargas and  R Varma and  A Vascotto and  A Vasiliev and  M Vassiliou and  P Vasta and  V Vechernin and  M Venaruzzo and  E Vercellin and  S Vergara and  W Verhoeven and  F Veronese and  I Vetlitskiy and  R Vernet and  V Victorov and  L Vidak and  G Viesti and  O Vikhlyantsev and  Z Vilakazi and  O Villalobos Baillie and  A Vinogradov and  L Vinogradov and  Y Vinogradov and  T Virgili and  Y Viyogi and  A Vodopianov and  G Volpe and  D Vranic and  J Vrláková and  B Vulpescu and  C Wabnitz and  V Wagner and  L Wallet and  R Wan and  Y Wang and  Y Wang and  R Wheadon and  R Weis and  Q Wen and  J Wessels and  J Westergaard and  J Wiechula and  A Wiesenaecker and  J Wikne and  A Wilk and  G Wilk and  C Williams and  N Willis and  B Windelband and  R Witt and  H Woehri and  K Wyllie and  C Xu and  C Yang and  H Yang and  F Yermia and  Z Yin and  Z Yin and  B Yun Ky and  I Yushmanov and  B Yuting and  E Zabrodin and  S Zagato and  B Zagreev and  P Zaharia and  A Zalite and  G Zampa and  C Zampolli and  Y Zanevskiy and  A Zarochentsev and  O Zaudtke and  P Závada and  H Zbroszczyk and  A Zepeda and  V Zeter and  I Zgura and  M Zhalov and  D Zhou and  S Zhou and  G Zhu and  A Zichichi and  A Zinchenko and  G Zinovjev and  Y Zoccarato and  A Zubarev and  A Zucchini and  M Zuffa},
title = {The ALICE experiment at the CERN LHC},
journal = {Journal of Instrumentation},
abstract = {ALICE (A Large Ion Collider Experiment) is a general-purpose, heavy-ion detector at the CERN LHC which focuses on QCD, the strong-interaction sector of the Standard Model. It is designed to address the physics of strongly interacting matter and the quark-gluon plasma at extreme values of energy density and temperature in nucleus-nucleus collisions. Besides running with Pb ions, the physics programme includes collisions with lighter ions, lower energy running and dedicated proton-nucleus runs. ALICE will also take data with proton beams at the top LHC energy to collect reference data for the heavy-ion programme and to address several QCD topics for which ALICE is complementary to the other LHC detectors. The ALICE detector has been built by a collaboration including currently over 1000 physicists and engineers from 105 Institutes in 30 countries.  Its overall dimensions are 16 × 16 × 26 m3 with a total weight  of approximately 10 000 t. The experiment consists of 18 different detector systems each with its own specific technology choice and design constraints, driven both by the physics requirements and the experimental conditions expected at LHC. The most stringent design constraint is to cope with the extreme particle multiplicity anticipated in central Pb-Pb collisions. The different subsystems were optimized to provide high-momentum resolution as well as excellent Particle Identification (PID) over a broad range in momentum, up to the highest multiplicities predicted for LHC. This will allow for comprehensive studies of hadrons, electrons, muons, and photons produced in the collision of heavy nuclei. Most detector systems are scheduled to be installed and ready for data  taking by mid-2008 when the LHC is scheduled to start operation,  with the exception of parts of the Photon Spectrometer (PHOS), Transition Radiation Detector (TRD) and Electro Magnetic Calorimeter (EMCal). These detectors will be completed for the high-luminosity ion run expected in 2010. This paper describes in detail the detector components as installed for the first data taking in the summer of 2008.}
}


@article{PhysRevD.90.094503,
  title = {Equation of state in ($2+1$)-flavor QCD},
  author = {Bazavov, A. and Bhattacharya, Tanmoy and DeTar, C. and Ding, H.-T. and Gottlieb, Steven and Gupta, Rajan and Hegde, P. and Heller, U. M. and Karsch, F. and Laermann, E. and Levkova, L. and Mukherjee, Swagato and Petreczky, P. and Schmidt, C. and Schroeder, C. and Soltz, R. A. and Soeldner, W. and Sugar, R. and Wagner, M. and Vranas, P.},
  collaboration = {HotQCD Collaboration},
  journal = {Phys. Rev. D},
  volume = {90},
  issue = {9},
  pages = {094503},
  numpages = {25},
  year = {2014},
  month = {Nov},
  publisher = {American Physical Society},
  doi = {10.1103/PhysRevD.90.094503},
  url = {https://link.aps.org/doi/10.1103/PhysRevD.90.094503}
}

% SHM predizione rese delle masse
@article{mass_yield,
author = {Andronic, A. and Braun-Munzinger, P. and Köhler, M.K. and Redlich, Krzysztof and Stachel, J.},
year = {2019},
month = {08},
pages = {134836},
title = {Transverse momentum distributions of charmonium states with the statistical hadronization model},
volume = {797},
journal = {Physics Letters B},
doi = {10.1016/j.physletb.2019.134836}
}

% rapporto materia antimateria
@article{Tawfik_2011_matter_antimatter,
   title={Matter–Antimatter Asymmetry in Heavy-Ion Collisions},
   volume={51},
   ISSN={1572-9575},
   url={http://dx.doi.org/10.1007/s10773-011-1015-4},
   DOI={10.1007/s10773-011-1015-4},
   number={5},
   journal={International Journal of Theoretical Physics},
   publisher={Springer Science and Business Media LLC},
   author={Tawfik, A.},
   year={2011},
   month=nov, pages={1396–1407} }

% 
@article{Vovchenko_2019_,
   title={Canonical statistical model analysis of 
<mml:math xmlns:mml="http://www.w3.org/1998/Math/MathML"><mml:mrow><mml:mi>p</mml:mi><mml:mtext>−</mml:mtext><mml:mi>p</mml:mi></mml:mrow></mml:math>
, 
<mml:math xmlns:mml="http://www.w3.org/1998/Math/MathML"><mml:mi>p</mml:mi></mml:math>
-Pb, and Pb-Pb collisions at energies available at the CERN Large Hadron Collider},
   volume={100},
   ISSN={2469-9993},
   url={http://dx.doi.org/10.1103/PhysRevC.100.054906},
   DOI={10.1103/physrevc.100.054906},
   number={5},
   journal={Physical Review C},
   publisher={American Physical Society (APS)},
   author={Vovchenko, Volodymyr and Dönigus, Benjamin and Stoecker, Horst},
   year={2019},
   month=nov 
}

% wigner 1
@article{Scheibl_1999_wigner,
   title={Coalescence and flow in ultrarelativistic heavy ion collisions},
   volume={59},
   ISSN={1089-490X},
   url={http://dx.doi.org/10.1103/PhysRevC.59.1585},
   DOI={10.1103/physrevc.59.1585},
   number={3},
   journal={Physical Review C},
   publisher={American Physical Society (APS)},
   author={Scheibl, Rüdiger and Heinz, Ulrich},
   year={1999},
   month=mar, pages={1585–1602}
}

% wimp
@article{STEIGMAN1985375_wimp,
title = {Cosmological constraints on the properties of weakly interacting massive particles},
journal = {Nuclear Physics B},
volume = {253},
pages = {375-386},
year = {1985},
issn = {0550-3213},
doi = {https://doi.org/10.1016/0550-3213(85)90537-1},
url = {https://www.sciencedirect.com/science/article/pii/0550321385905371},
author = {Gary Steigman and Michael S. Turner},
abstract = {Considerations of the age and density of, as well as the evolution of structure in, the universe lead to constraints on the masses and lifetimes of weakly interacting massive particles (WIMPs). The requirement that the observed large-scale structure of the universe be permitted to develop, leads to much more restrictive bounds on the properties of WIMPs than those which follow from considerations of the age and density of the universe alone.}
}

% misure femtoscopiche
@article{PhysRevD.87.052016_femto,
  title = {Charged kaon femtoscopic correlations in $pp$ collisions at $\sqrt{s}\mathbf{=}7\text{ }\text{ }\mathrm{TeV}$},
  author = {Abelev, B. and Adam, J. and Adamov\'a, D. and Adare, A. M. and Aggarwal, M. M. and Aglieri Rinella, G. and Agnello, M. and Agocs, A. G. and Agostinelli, A. and Ahammed, Z. and Ahmad, N. and Ahmad Masoodi, A. and Ahn, S. U. and Ahn, S. A. and Ajaz, M. and Akindinov, A. and Aleksandrov, D. and Alessandro, B. and Alici, A. and Alkin, A. and Almar\'az Avi\~na, E. and Alme, J. and Alt, T. and Altini, V. and Altinpinar, S. and Altsybeev, I. and Andrei, C. and Andronic, A. and Anguelov, V. and Anielski, J. and Anson, C. and Anti\ifmmode \check{c}\else \v{c}\fi{}i\ifmmode \acute{c}\else \'{c}\fi{}, T. and Antinori, F. and Antonioli, P. and Aphecetche, L. and Appelsh\"auser, H. and Arbor, N. and Arcelli, S. and Arend, A. and Armesto, N. and Arnaldi, R. and Aronsson, T. and Arsene, I. C. and Arslandok, M. and Asryan, A. and Augustinus, A. and Averbeck, R. and Awes, T. C. and \"Ayst\"o, J. and Azmi, M. D. and Bach, M. and Badal\`a, A. and Baek, Y. W. and Bailhache, R. and Bala, R. and Baldini Ferroli, R. and Baldisseri, A. and Baltasar Dos Santos Pedrosa, F. and B\'an, J. and Baral, R. C. and Barbera, R. and Barile, F. and Barnaf\"oldi, G. G. and Barnby, L. S. and Barret, V. and Bartke, J. and Basile, M. and Bastid, N. and Basu, S. and Bathen, B. and Batigne, G. and Batyunya, B. and Baumann, C. and Bearden, I. G. and Beck, H. and Behera, N. K. and Belikov, I. and Bellini, F. and Bellwied, R. and Belmont-Moreno, E. and Bencedi, G. and Beole, S. and Berceanu, I. and Bercuci, A. and Berdnikov, Y. and Berenyi, D. and Bergognon, A. A. E. and Berzano, D. and Betev, L. and Bhasin, A. and Bhati, A. K. and Bhom, J. and Bianchi, L. and Bianchi, N. and Biel\ifmmode \check{c}\else \v{c}\fi{}\'{\i}k, J. and Biel\ifmmode \check{c}\else \v{c}\fi{}\'{\i}kov\'a, J. and Bilandzic, A. and Bjelogrlic, S. and Blanco, F. and Blanco, F. and Blau, D. and Blume, C. and Boccioli, M. and B\"ottger, S. and Bogdanov, A. and B\o{}ggild, H. and Bogolyubsky, M. and Boldizs\'ar, L. and Bombara, M. and Book, J. and Borel, H. and Borissov, A. and Boss\'u, F. and Botje, M. and Botta, E. and Braidot, E. and Braun-Munzinger, P. and Bregant, M. and Breitner, T. and Browning, T. A. and Broz, M. and Brun, R. and Bruna, E. and Bruno, G. E. and Budnikov, D. and Buesching, H. and Bufalino, S. and Buncic, P. and Busch, O. and Buthelezi, Z. and Caffarri, D. and Cai, X. and Caines, H. and Calvo Villar, E. and Camerini, P. and Canoa Roman, V. and Cara Romeo, G. and Carena, F. and Carena, W. and Carlin Filho, N. and Carminati, F. and Casanova D\'{\i}az, A. and Castillo Castellanos, J. and Castillo Hernandez, J. F. and Casula, E. A. R. and Catanescu, V. and Cavicchioli, C. and Ceballos Sanchez, C. and Cepila, J. and Cerello, P. and Chang, B. and Chapeland, S. and Charvet, J. L. and Chattopadhyay, S. and Chattopadhyay, S. and Chawla, I. and Cherney, M. and Cheshkov, C. and Cheynis, B. and Chibante Barroso, V. and Chinellato, D. D. and Chochula, P. and Chojnacki, M. and Choudhury, S. and Christakoglou, P. and Christensen, C. H. and Christiansen, P. and Chujo, T. and Chung, S. U. and Cicalo, C. and Cifarelli, L. and Cindolo, F. and Cleymans, J. and Coccetti, F. and Colamaria, F. and Colella, D. and Collu, A. and Conesa Balbastre, G. and Conesa del Valle, Z. and Connors, M. E. and Contin, G. and Contreras, J. G. and Cormier, T. M. and Corrales Morales, Y. and Cortese, P. and Cort\'es Maldonado, I. and Cosentino, M. R. and Costa, F. and Cotallo, M. E. and Crescio, E. and Crochet, P. and Cruz Alaniz, E. and Cuautle, E. and Cunqueiro, L. and Dainese, A. and Dalsgaard, H. H. and Danu, A. and Das, S. and Das, I. and Das, D. and Das, K. and Dash, A. and Dash, S. and De, S. and de Barros, G. O. V. and De Caro, A. and de Cataldo, G. and de Cuveland, J. and De Falco, A. and De Gruttola, D. and Delagrange, H. and Deloff, A. and De Marco, N. and D\'enes, E. and De Pasquale, S. and Deppman, A. and D Erasmo, G. and de Rooij, R. and Diaz Corchero, M. A. and Di Bari, D. and Dietel, T. and Di Giglio, C. and Di Liberto, S. and Di Mauro, A. and Di Nezza, P. and Divi\`a, R. and Djuvsland, \O{}. and Dobrin, A. and Dobrowolski, T. and D\"onigus, B. and Dordic, O. and Driga, O. and Dubey, A. K. and Dubla, A. and Ducroux, L. and Dupieux, P. and Dutta Majumdar, A. K. and Dutta Majumdar, M. R. and Elia, D. and Emschermann, D. and Engel, H. and Erazmus, B. and Erdal, H. A. and Espagnon, B. and Estienne, M. and Esumi, S. and Evans, D. and Eyyubova, G. and Fabris, D. and Faivre, J. and Falchieri, D. and Fantoni, A. and Fasel, M. and Fearick, R. and Fehlker, D. and Feldkamp, L. and Felea, D. and Feliciello, A. and Fenton-Olsen, B. and Feofilov, G. and Fern\'andez T\'ellez, A. and Ferretti, A. and Festanti, A. and Figiel, J. and Figueredo, M. A. S. and Filchagin, S. and Finogeev, D. and Fionda, F. M. and Fiore, E. M. and Floratos, E. and Floris, M. and Foertsch, S. and Foka, P. and Fokin, S. and Fragiacomo, E. and Francescon, A. and Frankenfeld, U. and Fuchs, U. and Furget, C. and Fusco Girard, M. and Gaardh\o{}je, J. J. and Gagliardi, M. and Gago, A. and Gallio, M. and Gangadharan, D. R. and Ganoti, P. and Garabatos, C. and Garcia-Solis, E. and Garishvili, I. and Gerhard, J. and Germain, M. and Geuna, C. and Gheata, M. and Gheata, A. and Ghosh, P. and Gianotti, P. and Girard, M. R. and Giubellino, P. and Gladysz-Dziadus, E. and Gl\"assel, P. and Gomez, R. and Ferreiro, E. G. and Gonz\'alez-Trueba, L. H. and Gonz\'alez-Zamora, P. and Gorbunov, S. and Goswami, A. and Gotovac, S. and Graczykowski, L. K. and Grajcarek, R. and Grelli, A. and Grigoras, C. and Grigoras, A. and Grigoriev, V. and Grigoryan, S. and Grigoryan, A. and Grinyov, B. and Grion, N. and Gros, P. and Grosse-Oetringhaus, J. F. and Grossiord, J.-Y. and Grosso, R. and Guber, F. and Guernane, R. and Guerzoni, B. and Guilbaud, M. and Gulbrandsen, K. and Gulkanyan, H. and Gunji, T. and Gupta, A. and Gupta, R. and Haaland, \O{}. and Hadjidakis, C. and Haiduc, M. and Hamagaki, H. and Hamar, G. and Han, B. H. and Hanratty, L. D. and Hansen, A. and Harmanov\'a-T\'othov\'a, Z. and Harris, J. W. and Hartig, M. and Harton, A. and Hasegan, D. and Hatzifotiadou, D. and Hayashi, S. and Hayrapetyan, A. and Heckel, S. T. and Heide, M. and Helstrup, H. and Herghelegiu, A. and Herrera Corral, G. and Herrmann, N. and Hess, B. A. and Hetland, K. F. and Hicks, B. and Hippolyte, B. and Hori, Y. and Hristov, P. and H\ifmmode \check{r}\else \v{r}\fi{}ivn\'a\ifmmode \check{c}\else \v{c}\fi{}ov\'a, I. and Huang, M. and Humanic, T. J. and Hwang, D. S. and Ichou, R. and Ilkaev, R. and Ilkiv, I. and Inaba, M. and Incani, E. and Innocenti, G. M. and Innocenti, P. G. and Ippolitov, M. and Irfan, M. and Ivan, C. and Ivanov, V. and Ivanov, A. and Ivanov, M. and Ivanytskyi, O. and Jacho\l{}kowski, A. and Jacobs, P. M. and Jang, H. J. and Janik, M. A. and Janik, R. and Jayarathna, P. H. S. Y. and Jena, S. and Jha, D. M. and Jimenez Bustamante, R. T. and Jones, P. G. and Jung, H. and Jusko, A. and Kaidalov, A. B. and Kalcher, S. and Kali\ifmmode \check{n}\else \v{n}\fi{}\'ak, P. and Kalliokoski, T. and Kalweit, A. and Kang, J. H. and Kaplin, V. and Karasu Uysal, A. and Karavichev, O. and Karavicheva, T. and Karpechev, E. and Kazantsev, A. and Kebschull, U. and Keidel, R. and Khan, M. M. and Khan, P. and Khan, K. H. and Khan, S. A. and Khanzadeev, A. and Kharlov, Y. and Kileng, B. and Kim, S. and Kim, M. and Kim, M. and Kim, J. S. and Kim, J. H. and Kim, D. W. and Kim, B. and Kim, D. J. and Kim, T. and Kirsch, S. and Kisel, I. and Kiselev, S. and Kisiel, A. and Klay, J. L. and Klein, J. and Klein-B\"osing, C. and Kliemant, M. and Kluge, A. and Knichel, M. L. and Knospe, A. G. and K\"ohler, M. K. and Kollegger, T. and Kolojvari, A. and Kompaniets, M. and Kondratiev, V. and Kondratyeva, N. and Konevskikh, A. and Kour, R. and Kovalenko, V. and Kowalski, M. and Kox, S. and Koyithatta Meethaleveedu, G. and Kral, J. and Kr\'alik, I. and Kramer, F. and Krav\ifmmode \check{c}\else \v{c}\fi{}\'akov\'a, A. and Krawutschke, T. and Krelina, M. and Kretz, M. and Krivda, M. and Krizek, F. and Krus, M. and Kryshen, E. and Krzewicki, M. and Kucheriaev, Y. and Kugathasan, T. and Kuhn, C. and Kuijer, P. G. and Kulakov, I. and Kumar, J. and Kurashvili, P. and Kurepin, A. B. and Kurepin, A. and Kuryakin, A. and Kushpil, V. and Kushpil, S. and Kvaerno, H. and Kweon, M. J. and Kwon, Y. and Ladr\'on de Guevara, P. and Lakomov, I. and Langoy, R. and La Pointe, S. L. and Lara, C. and Lardeux, A. and La Rocca, P. and Lea, R. and Lechman, M. and Lee, G. R. and Lee, K. S. and Lee, S. C. and Legrand, I. and Lehnert, J. and Lenhardt, M. and Lenti, V. and Le\'on, H. and Le\'on Monz\'on, I. and Le\'on Vargas, H. and L\'evai, P. and Li, S. and Lien, J. and Lietava, R. and Lindal, S. and Lindenstruth, V. and Lippmann, C. and Lisa, M. A. and Ljunggren, H. M. and Loenne, P. I. and Loggins, V. R. and Loginov, V. and Lohner, D. and Loizides, C. and Loo, K. K. and Lopez, X. and L\'opez Torres, E. and L\o{}vh\o{}iden, G. and Lu, X.-G. and Luettig, P. and Lunardon, M. and Luo, J. and Luparello, G. and Luzzi, C. and Ma, K. and Ma, R. and Madagodahettige-Don, D. M. and Maevskaya, A. and Mager, M. and Mahapatra, D. P. and Maire, A. and Malaev, M. and Maldonado Cervantes, I. and Malinina, L. and Mal'Kevich, D. and Malzacher, P. and Mamonov, A. and Manceau, L. and Mangotra, L. and Manko, V. and Manso, F. and Manzari, V. and Mao, Y. and Marchisone, M. and Mare\ifmmode \check{s}\else \v{s}\fi{}, J. and Margagliotti, G. V. and Margotti, A. and Mar\'{\i}n, A. and Markert, C. and Marquard, M. and Martashvili, I. and Martin, N. A. and Martinengo, P. and Mart\'{\i}nez, M. I. and Mart\'{\i}nez Davalos, A. and Mart\'{\i}nez Garc\'{\i}a, G. and Martynov, Y. and Mas, A. and Masciocchi, S. and Masera, M. and Masoni, A. and Massacrier, L. and Mastroserio, A. and Matthews, Z. L. and Matyja, A. and Mayer, C. and Mazer, J. and Mazzoni, M. A. and Meddi, F. and Menchaca-Rocha, A. and Mercado P\'erez, J. and Meres, M. and Miake, Y. and Mikhailov, K. and Milano, L. and Milosevic, J. and Mischke, A. and Mishra, A. N. and Mi\ifmmode \acute{s}\else \'{s}\fi{}kowiec, D. and Mitu, C. and Mizuno, S. and Mlynarz, J. and Mohanty, B. and Molnar, L. and Monta\~no Zetina, L. and Monteno, M. and Montes, E. and Moon, T. and Morando, M. and Moreira De Godoy, D. A. and Moretto, S. and Morreale, A. and Morsch, A. and Muccifora, V. and Mudnic, E. and Muhuri, S. and Mukherjee, M. and M\"uller, H. and Munhoz, M. G. and Musa, L. and Musinsky, J. and Musso, A. and Nandi, B. K. and Nania, R. and Nappi, E. and Nattrass, C. and Navin, S. and Nayak, T. K. and Nazarenko, S. and Nedosekin, A. and Nicassio, M. and Niculescu, M. and Nielsen, B. S. and Niida, T. and Nikolaev, S. and Nikolic, V. and Nikulin, S. and Nikulin, V. and Nilsen, B. S. and Nilsson, M. S. and Noferini, F. and Nomokonov, P. and Nooren, G. and Novitzky, N. and Nyanin, A. and Nyatha, A. and Nygaard, C. and Nystrand, J. and Ochirov, A. and Oeschler, H. and Oh, S. K. and Oh, S. and Oleniacz, J. and Oliveira Da Silva, A. C. and Oppedisano, C. and Ortiz Velasquez, A. and Oskarsson, A. and Ostrowski, P. and Otwinowski, J. and Oyama, K. and Ozawa, K. and Pachmayer, Y. and Pachr, M. and Padilla, F. and Pagano, P. and Pai\ifmmode \acute{c}\else \'{c}\fi{}, G. and Painke, F. and Pajares, C. and Pal, S. K. and Palaha, A. and Palmeri, A. and Papikyan, V. and Pappalardo, G. S. and Park, W. J. and Passfeld, A. and Patalakha, D. I. and Paticchio, V. and Paul, B. and Pavlinov, A. and Pawlak, T. and Peitzmann, T. and Pereira Da Costa, H. and Pereira De Oliveira Filho, E. and Peresunko, D. and P\'erez Lara, C. E. and Perini, D. and Perrino, D. and Peryt, W. and Pesci, A. and Peskov, V. and Pestov, Y. and Petr\'a\ifmmode \check{c}\else \v{c}\fi{}ek, V. and Petran, M. and Petris, M. and Petrov, P. and Petrovici, M. and Petta, C. and Piano, S. and Piccotti, A. and Pikna, M. and Pillot, P. and Pinazza, O. and Pinsky, L. and Pitz, N. and Piyarathna, D. B. and Planinic, M. and P\l{}osko\ifmmode \acute{n}\else \'{n}\fi{}, M. and Pluta, J. and Pocheptsov, T. and Pochybova, S. and Podesta-Lerma, P. L. M. and Poghosyan, M. G. and Pol\'ak, K. and Polichtchouk, B. and Pop, A. and Porteboeuf-Houssais, S. and Posp\'{\i}\ifmmode \check{s}\else \v{s}\fi{}il, V. and Potukuchi, B. and Prasad, S. K. and Preghenella, R. and Prino, F. and Pruneau, C. A. and Pshenichnov, I. and Puddu, G. and Punin, V. and Puti\ifmmode \check{s}\else \v{s}\fi{}, M. and Putschke, J. and Quercigh, E. and Qvigstad, H. and Rachevski, A. and Rademakers, A. and R\"aih\"a, T. S. and Rak, J. and Rakotozafindrabe, A. and Ramello, L. and Ram\'{\i}rez Reyes, A. and Raniwala, R. and Raniwala, S. and R\"as\"anen, S. S. and Rascanu, B. T. and Rathee, D. and Read, K. F. and Real, J. S. and Redlich, K. and Reed, R. J. and Rehman, A. and Reichelt, P. and Reicher, M. and Renfordt, R. and Reolon, A. R. and Reshetin, A. and Rettig, F. and Revol, J.-P. and Reygers, K. and Riccati, L. and Ricci, R. A. and Richert, T. and Richter, M. and Riedler, P. and Riegler, W. and Riggi, F. and Rodr\'{\i}guez Cahuantzi, M. and Rodriguez Manso, A. and R\o{}ed, K. and Rohr, D. and R\"ohrich, D. and Romita, R. and Ronchetti, F. and Rosnet, P. and Rossegger, S. and Rossi, A. and Roy, P. and Roy, C. and Rubio Montero, A. J. and Rui, R. and Russo, R. and Ryabinkin, E. and Rybicki, A. and Sadovsky, S. and \ifmmode \check{S}\else \v{S}\fi{}afa\ifmmode \check{r}\else \v{r}\fi{}\'{\i}k, K. and Sahoo, R. and Sahu, P. K. and Saini, J. and Sakaguchi, H. and Sakai, S. and Sakata, D. and Salgado, C. A. and Salzwedel, J. and Sambyal, S. and Samsonov, V. and Sanchez Castro, X. and \ifmmode \check{S}\else \v{S}\fi{}\'andor, L. and Sandoval, A. and Sano, M. and Santagati, G. and Santoro, R. and Sarkamo, J. and Scapparone, E. and Scarlassara, F. and Scharenberg, R. P. and Schiaua, C. and Schicker, R. and Schmidt, H. R. and Schmidt, C. and Schuchmann, S. and Schukraft, J. and Schuster, T. and Schutz, Y. and Schwarz, K. and Schweda, K. and Scioli, G. and Scomparin, E. and Scott, P. A. and Scott, R. and Segato, G. and Selyuzhenkov, I. and Senyukov, S. and Seo, J. and Serci, S. and Serradilla, E. and Sevcenco, A. and Shabetai, A. and Shabratova, G. and Shahoyan, R. and Sharma, S. and Sharma, N. and Rohni, S. and Shigaki, K. and Shtejer, K. and Sibiriak, Y. and Sicking, E. and Siddhanta, S. and Siemiarczuk, T. and Silvermyr, D. and Silvestre, C. and Simatovic, G. and Simonetti, G. and Singaraju, R. and Singh, R. and Singha, S. and Singhal, V. and Sinha, T. and Sinha, B. C. and Sitar, B. and Sitta, M. and Skaali, T. B. and Skjerdal, K. and Smakal, R. and Smirnov, N. and Snellings, R. J. M. and S\o{}gaard, C. and Soltz, R. and Son, H. and Song, M. and Song, J. and Soos, C. and Soramel, F. and Sputowska, I. and Spyropoulou-Stassinaki, M. and Srivastava, B. K. and Stachel, J. and Stan, I. and Stefanek, G. and Steinpreis, M. and Stenlund, E. and Steyn, G. and Stiller, J. H. and Stocco, D. and Stolpovskiy, M. and Strmen, P. and Suaide, A. A. P. and Subieta V\'asquez, M. A. and Sugitate, T. and Suire, C. and Sultanov, R. and \ifmmode \check{S}\else \v{S}\fi{}umbera, M. and Susa, T. and Symons, T. J. M. and Szanto de Toledo, A. and Szarka, I. and Szczepankiewicz, A. and Szostak, A. and Szyma\ifmmode \acute{n}\else \'{n}\fi{}ski, M. and Takahashi, J. and Tapia Takaki, J. D. and Tarantola Peloni, A. and Tarazona Martinez, A. and Tauro, A. and Tejeda Mu\~noz, G. and Telesca, A. and Terrevoli, C. and Th\"ader, J. and Thomas, D. and Tieulent, R. and Timmins, A. R. and Tlusty, D. and Toia, A. and Torii, H. and Toscano, L. and Trubnikov, V. and Truesdale, D. and Trzaska, W. H. and Tsuji, T. and Tumkin, A. and Turrisi, R. and Tveter, T. S. and Ulery, J. and Ullaland, K. and Ulrich, J. and Uras, A. and Urb\'an, J. and Urciuoli, G. M. and Usai, G. L. and Vajzer, M. and Vala, M. and Valencia Palomo, L. and Vallero, S. and Vande Vyvre, P. and van Leeuwen, M. and Vannucci, L. and Vargas, A. and Varma, R. and Vasileiou, M. and Vasiliev, A. and Vechernin, V. and Veldhoen, M. and Venaruzzo, M. and Vercellin, E. and Vergara, S. and Vernet, R. and Verweij, M. and Vickovic, L. and Viesti, G. and Vilakazi, Z. and Villalobos Baillie, O. and Vinogradov, Y. and Vinogradov, L. and Vinogradov, A. and Virgili, T. and Viyogi, Y. P. and Vodopyanov, A. and Voloshin, K. and Voloshin, S. and Volpe, G. and von Haller, B. and Vorobyev, I. and Vranic, D. and Vrl\'akov\'a, J. and Vulpescu, B. and Vyushin, A. and Wagner, V. and Wagner, B. and Wan, R. and Wang, D. and Wang, M. and Wang, Y. and Wang, Y. and Watanabe, K. and Weber, M. and Wessels, J. P. and Westerhoff, U. and Wiechula, J. and Wikne, J. and Wilde, M. and Wilk, A. and Wilk, G. and Williams, M. C. S. and Windelband, B. and Xaplanteris Karampatsos, L. and Yaldo, C. G. and Yamaguchi, Y. and Yang, H. and Yang, S. and Yasnopolskiy, S. and Yi, J. and Yin, Z. and Yoo, I.-K. and Yoon, J. and Yu, W. and Yuan, X. and Yushmanov, I. and Zaccolo, V. and Zach, C. and Zampolli, C. and Zaporozhets, S. and Zarochentsev, A. and Z\'avada, P. and Zaviyalov, N. and Zbroszczyk, H. and Zelnicek, P. and Zgura, I. S. and Zhalov, M. and Zhang, H. and Zhang, X. and Zhou, D. and Zhou, Y. and Zhou, F. and Zhu, J. and Zhu, H. and Zhu, J. and Zhu, X. and Zichichi, A. and Zimmermann, A. and Zinovjev, G. and Zoccarato, Y. and Zynovyev, M. and Zyzak, M.},
  collaboration = {ALICE Collaboration},
  journal = {Phys. Rev. D},
  volume = {87},
  issue = {5},
  pages = {052016},
  numpages = {12},
  year = {2013},
  month = {Mar},
  publisher = {American Physical Society},
  doi = {10.1103/PhysRevD.87.052016},
  url = {https://link.aps.org/doi/10.1103/PhysRevD.87.052016}
}

% modello coalescenza
@article{Sun_2019_coal_model,
   title={Suppression of light nuclei production in collisions of small systems at the Large Hadron Collider},
   volume={792},
   ISSN={0370-2693},
   url={http://dx.doi.org/10.1016/j.physletb.2019.03.033},
   DOI={10.1016/j.physletb.2019.03.033},
   journal={Physics Letters B},
   publisher={Elsevier BV},
   author={Sun, Kai-Jia and Ko, Che Ming and Dönigus, Benjamin},
   year={2019},
   month=may, pages={132–137} }

% thermal-FIST
@article{Vovchenko_2019_thermal_FIST,
   title={Thermal-FIST: A package for heavy-ion collisions and hadronic equation of state},
   volume={244},
   ISSN={0010-4655},
   url={http://dx.doi.org/10.1016/j.cpc.2019.06.024},
   DOI={10.1016/j.cpc.2019.06.024},
   journal={Computer Physics Communications},
   publisher={Elsevier BV},
   author={Vovchenko, Volodymyr and Stoecker, Horst},
   year={2019},
   month=nov, pages={295–310} }

% a1
@article{Adam_2016_a1,
   title={Production of light nuclei and anti-nuclei in pp and Pb-Pb collisions at LHC energies},
   volume={93},
   ISSN={2469-9993},
   url={http://dx.doi.org/10.1103/PhysRevC.93.024917},
   DOI={10.1103/physrevc.93.024917},
   number={2},
   journal={Physical Review C},
   publisher={American Physical Society (APS)},
   author={Adam, J. and Adamová, D. and Aggarwal, M. M. and Aglieri Rinella, G. and Agnello, M. and Agrawal, N. and Ahammed, Z. and Ahmed, I. and Ahn, S. U. and Aimo, I. and Aiola, S. and Ajaz, M. and Akindinov, A. and Alam, S. N. and Aleksandrov, D. and Alessandro, B. and Alexandre, D. and Alfaro Molina, R. and Alici, A. and Alkin, A. and Alme, J. and Alt, T. and Altinpinar, S. and Altsybeev, I. and Alves Garcia Prado, C. and Andrei, C. and Andronic, A. and Anguelov, V. and Anielski, J. and Antičić, T. and Antinori, F. and Antonioli, P. and Aphecetche, L. and Appelshäuser, H. and Arcelli, S. and Armesto, N. and Arnaldi, R. and Aronsson, T. and Arsene, I. C. and Arslandok, M. and Augustinus, A. and Averbeck, R. and Azmi, M. D. and Bach, M. and Badalà, A. and Baek, Y. W. and Bagnasco, S. and Bailhache, R. and Bala, R. and Baldisseri, A. and Ball, M. and Baltasar Dos Santos Pedrosa, F. and Baral, R. C. and Barbano, A. M. and Barbera, R. and Barile, F. and Barnaföldi, G. G. and Barnby, L. S. and Barret, V. and Bartalini, P. and Bartke, J. and Bartsch, E. and Basile, M. and Bastid, N. and Basu, S. and Bathen, B. and Batigne, G. and Batista Camejo, A. and Batyunya, B. and Batzing, P. C. and Bearden, I. G. and Beck, H. and Bedda, C. and Behera, N. K. and Belikov, I. and Bellini, F. and Bello Martinez, H. and Bellwied, R. and Belmont, R. and Belmont-Moreno, E. and Belyaev, V. and Bencedi, G. and Beole, S. and Berceanu, I. and Bercuci, A. and Berdnikov, Y. and Berenyi, D. and Bertens, R. A. and Berzano, D. and Betev, L. and Bhasin, A. and Bhat, I. R. and Bhati, A. K. and Bhattacharjee, B. and Bhom, J. and Bianchi, L. and Bianchi, N. and Bianchin, C. and Bielčík, J. and Bielčíková, J. and Bilandzic, A. and Biswas, S. and Bjelogrlic, S. and Blanco, F. and Blau, D. and Blume, C. and Bock, F. and Bogdanov, A. and Bøggild, H. and Boldizsár, L. and Bombara, M. and Book, J. and Borel, H. and Borissov, A. and Borri, M. and Bossú, F. and Botje, M. and Botta, E. and Böttger, S. and Braun-Munzinger, P. and Bregant, M. and Breitner, T. and Broker, T. A. and Browning, T. A. and Broz, M. and Brucken, E. J. and Bruna, E. and Bruno, G. E. and Budnikov, D. and Buesching, H. and Bufalino, S. and Buncic, P. and Busch, O. and Buthelezi, Z. and Buxton, J. T. and Caffarri, D. and Cai, X. and Caines, H. and Calero Diaz, L. and Caliva, A. and Calvo Villar, E. and Camerini, P. and Carena, F. and Carena, W. and Castillo Castellanos, J. and Castro, A. J. and Casula, E. A. R. and Cavicchioli, C. and Ceballos Sanchez, C. and Cepila, J. and Cerello, P. and Chang, B. and Chapeland, S. and Chartier, M. and Charvet, J. L. and Chattopadhyay, S. and Chattopadhyay, S. and Chelnokov, V. and Cherney, M. and Cheshkov, C. and Cheynis, B. and Chibante Barroso, V. and Chinellato, D. D. and Chochula, P. and Choi, K. and Chojnacki, M. and Choudhury, S. and Christakoglou, P. and Christensen, C. H. and Christiansen, P. and Chujo, T. and Chung, S. U. and Cicalo, C. and Cifarelli, L. and Cindolo, F. and Cleymans, J. and Colamaria, F. and Colella, D. and Collu, A. and Colocci, M. and Conesa Balbastre, G. and Conesa del Valle, Z. and Connors, M. E. and Contreras, J. G. and Cormier, T. M. and Corrales Morales, Y. and Cortés Maldonado, I. and Cortese, P. and Cosentino, M. R. and Costa, F. and Crochet, P. and Cruz Albino, R. and Cuautle, E. and Cunqueiro, L. and Dahms, T. and Dainese, A. and Danu, A. and Das, D. and Das, I. and Das, S. and Dash, A. and Dash, S. and De, S. and De Caro, A. and de Cataldo, G. and de Cuveland, J. and De Falco, A. and De Gruttola, D. and De Marco, N. and De Pasquale, S. and Deisting, A. and Deloff, A. and Dénes, E. and D’Erasmo, G. and Di Bari, D. and Di Mauro, A. and Di Nezza, P. and Diaz Corchero, M. A. and Dietel, T. and Dillenseger, P. and Divià, R. and Djuvsland, Ø. and Dobrin, A. and Dobrowolski, T. and Domenicis Gimenez, D. and Dönigus, B. and Dordic, O. and Dubey, A. K. and Dubla, A. and Ducroux, L. and Dupieux, P. and Ehlers, R. J. and Elia, D. and Engel, H. and Erazmus, B. and Erhardt, F. and Eschweiler, D. and Espagnon, B. and Estienne, M. and Esumi, S. and Eum, J. and Evans, D. and Evdokimov, S. and Eyyubova, G. and Fabbietti, L. and Fabris, D. and Faivre, J. and Fantoni, A. and Fasel, M. and Feldkamp, L. and Felea, D. and Feliciello, A. and Feofilov, G. and Ferencei, J. and Fernández Téllez, A. and Ferreiro, E. G. and Ferretti, A. and Festanti, A. and Figiel, J. and Figueredo, M. A. S. and Filchagin, S. and Finogeev, D. and Fionda, F. M. and Fiore, E. M. and Fleck, M. G. and Floris, M. and Foertsch, S. and Foka, P. and Fokin, S. and Fragiacomo, E. and Francescon, A. and Frankenfeld, U. and Fuchs, U. and Furget, C. and Furs, A. and Fusco Girard, M. and Gaardhøje, J. J. and Gagliardi, M. and Gago, A. M. and Gallio, M. and Gangadharan, D. R. and Ganoti, P. and Gao, C. and Garabatos, C. and Garcia-Solis, E. and Gargiulo, C. and Gasik, P. and Germain, M. and Gheata, A. and Gheata, M. and Ghosh, P. and Ghosh, S. K. and Gianotti, P. and Giubellino, P. and Giubilato, P. and Gladysz-Dziadus, E. and Glässel, P. and Goméz Coral, D. M. and Gomez Ramirez, A. and González-Zamora, P. and Gorbunov, S. and Görlich, L. and Gotovac, S. and Grabski, V. and Graczykowski, L. K. and Grelli, A. and Grigoras, A. and Grigoras, C. and Grigoriev, V. and Grigoryan, A. and Grigoryan, S. and Grinyov, B. and Grion, N. and Grosse-Oetringhaus, J. F. and Grossiord, J.-Y. and Grosso, R. and Guber, F. and Guernane, R. and Guerzoni, B. and Gulbrandsen, K. and Gulkanyan, H. and Gunji, T. and Gupta, A. and Gupta, R. and Haake, R. and Haaland, Ø. and Hadjidakis, C. and Haiduc, M. and Hamagaki, H. and Hamar, G. and Hanratty, L. D. and Hansen, A. and Harris, J. W. and Hartmann, H. and Harton, A. and Hatzifotiadou, D. and Hayashi, S. and Heckel, S. T. and Heide, M. and Helstrup, H. and Herghelegiu, A. and Herrera Corral, G. and Hess, B. A. and Hetland, K. F. and Hilden, T. E. and Hillemanns, H. and Hippolyte, B. and Hristov, P. and Huang, M. and Humanic, T. J. and Hussain, N. and Hussain, T. and Hutter, D. and Hwang, D. S. and Ilkaev, R. and Ilkiv, I. and Inaba, M. and Ionita, C. and Ippolitov, M. and Irfan, M. and Ivanov, M. and Ivanov, V. and Izucheev, V. and Jacobs, P. M. and Jahnke, C. and Jang, H. J. and Janik, M. A. and Jayarathna, P. H. S. Y. and Jena, C. and Jena, S. and Jimenez Bustamante, R. T. and Jones, P. G. and Jung, H. and Jusko, A. and Kalinak, P. and Kalweit, A. and Kamin, J. and Kang, J. H. and Kaplin, V. and Kar, S. and Karasu Uysal, A. and Karavichev, O. and Karavicheva, T. and Karpechev, E. and Kebschull, U. and Keidel, R. and Keijdener, D. L. D. and Keil, M. and Khan, K. H. and Mohisin Khan, M. and Khan, P. and Khan, S. A. and Khanzadeev, A. and Kharlov, Y. and Kileng, B. and Kim, B. and Kim, D. W. and Kim, D. J. and Kim, H. and Kim, J. S. and Kim, M. and Kim, M. and Kim, S. and Kim, T. and Kirsch, S. and Kisel, I. and Kiselev, S. and Kisiel, A. and Kiss, G. and Klay, J. L. and Klein, C. and Klein, J. and Klein-Bösing, C. and Kluge, A. and Knichel, M. L. and Knospe, A. G. and Kobayashi, T. and Kobdaj, C. and Kofarago, M. and Köhler, M. K. and Kollegger, T. and Kolojvari, A. and Kondratiev, V. and Kondratyeva, N. and Kondratyuk, E. and Konevskikh, A. and Kour, M. and Kouzinopoulos, C. and Kovalenko, O. and Kovalenko, V. and Kowalski, M. and Kox, S. and Koyithatta Meethaleveedu, G. and Kral, J. and Králik, I. and Kravčáková, A. and Krelina, M. and Kretz, M. and Krivda, M. and Krizek, F. and Kryshen, E. and Krzewicki, M. and Kubera, A. M. and Kučera, V. and Kucheriaev, Y. and Kugathasan, T. and Kuhn, C. and Kuijer, P. G. and Kulakov, I. and Kumar, A. and Kumar, J. and Kumar, L. and Kurashvili, P. and Kurepin, A. and Kurepin, A. B. and Kuryakin, A. and Kushpil, S. and Kweon, M. J. and Kwon, Y. and La Pointe, S. L. and La Rocca, P. and Lagana Fernandes, C. and Lakomov, I. and Langoy, R. and Lara, C. and Lardeux, A. and Lattuca, A. and Laudi, E. and Lea, R. and Leardini, L. and Lee, G. R. and Lee, S. and Legrand, I. and Lehnert, J. and Lemmon, R. C. and Lenti, V. and Leogrande, E. and León Monzón, I. and Leoncino, M. and Lévai, P. and Li, S. and Li, X. and Lien, J. and Lietava, R. and Lindal, S. and Lindenstruth, V. and Lippmann, C. and Lisa, M. A. and Ljunggren, H. M. and Lodato, D. F. and Loenne, P. I. and Loggins, V. R. and Loginov, V. and Loizides, C. and Lopez, X. and López Torres, E. and Lowe, A. and Lu, X.-G. and Luettig, P. and Lunardon, M. and Luparello, G. and Maevskaya, A. and Mager, M. and Mahajan, S. and Mahmood, S. M. and Maire, A. and Majka, R. D. and Malaev, M. and Maldonado Cervantes, I. and Malinina, L. and Mal’Kevich, D. and Malzacher, P. and Mamonov, A. and Manceau, L. and Manko, V. and Manso, F. and Manzari, V. and Marchisone, M. and Mareš, J. and Margagliotti, G. V. and Margotti, A. and Margutti, J. and Marín, A. and Markert, C. and Marquard, M. and Martin, N. A. and Martin Blanco, J. and Martinengo, P. and Martínez, M. I. and Martínez García, G. and Martinez Pedreira, M. and Martynov, Y. and Mas, A. and Masciocchi, S. and Masera, M. and Masoni, A. and Massacrier, L. and Mastroserio, A. and Masui, H. and Matyja, A. and Mayer, C. and Mazer, J. and Mazzoni, M. A. and Mcdonald, D. and Meddi, F. and Menchaca-Rocha, A. and Meninno, E. and Mercado Pérez, J. and Meres, M. and Miake, Y. and Mieskolainen, M. M. and Mikhaylov, K. and Milano, L. and Milosevic, J. and Minervini, L. M. and Mischke, A. and Mishra, A. N. and Miśkowiec, D. and Mitra, J. and Mitu, C. M. and Mohammadi, N. and Mohanty, B. and Molnar, L. and Montaño Zetina, L. and Montes, E. and Morando, M. and Moreira De Godoy, D. A. and Moreno, L. A. P. and Moretto, S. and Morreale, A. and Morsch, A. and Muccifora, V. and Mudnic, E. and Mühlheim, D. and Muhuri, S. and Mukherjee, M. and Müller, H. and Mulligan, J. D. and Munhoz, M. G. and Murray, S. and Musa, L. and Musinsky, J. and Nandi, B. K. and Nania, R. and Nappi, E. and Naru, M. U. and Nattrass, C. and Nayak, K. and Nayak, T. K. and Nazarenko, S. and Nedosekin, A. and Nellen, L. and Ng, F. and Nicassio, M. and Niculescu, M. and Niedziela, J. and Nielsen, B. S. and Nikolaev, S. and Nikulin, S. and Nikulin, V. and Noferini, F. and Nomokonov, P. and Nooren, G. and Norman, J. and Nyanin, A. and Nystrand, J. and Oeschler, H. and Oh, S. and Oh, S. K. and Ohlson, A. and Okatan, A. and Okubo, T. and Olah, L. and Oleniacz, J. and Oliveira Da Silva, A. C. and Oliver, M. H. and Onderwaater, J. and Oppedisano, C. and Ortiz Velasquez, A. and Oskarsson, A. and Otwinowski, J. and Oyama, K. and Ozdemir, M. and Pachmayer, Y. and Pagano, P. and Paić, G. and Pajares, C. and Pal, S. K. and Pan, J. and Pandey, A. K. and Pant, D. and Papikyan, V. and Pappalardo, G. S. and Pareek, P. and Park, W. J. and Parmar, S. and Passfeld, A. and Paticchio, V. and Paul, B. and Pawlak, T. and Peitzmann, T. and Pereira Da Costa, H. and Pereira De Oliveira Filho, E. and Peresunko, D. and Pérez Lara, C. E. and Peskov, V. and Pestov, Y. and Petráček, V. and Petrov, V. and Petrovici, M. and Petta, C. and Piano, S. and Pikna, M. and Pillot, P. and Pinazza, O. and Pinsky, L. and Piyarathna, D. B. and Płoskoń, M. and Planinic, M. and Pluta, J. and Pochybova, S. and Podesta-Lerma, P. L. M. and Poghosyan, M. G. and Polichtchouk, B. and Poljak, N. and Poonsawat, W. and Pop, A. and Porteboeuf-Houssais, S. and Porter, J. and Pospisil, J. and Prasad, S. K. and Preghenella, R. and Prino, F. and Pruneau, C. A. and Pshenichnov, I. and Puccio, M. and Puddu, G. and Pujahari, P. and Punin, V. and Putschke, J. and Qvigstad, H. and Rachevski, A. and Raha, S. and Rajput, S. and Rak, J. and Rakotozafindrabe, A. and Ramello, L. and Raniwala, R. and Raniwala, S. and Räsänen, S. S. and Rascanu, B. T. and Rathee, D. and Read, K. F. and Real, J. S. and Redlich, K. and Reed, R. J. and Rehman, A. and Reichelt, P. and Reicher, M. and Reidt, F. and Ren, X. and Renfordt, R. and Reolon, A. R. and Reshetin, A. and Rettig, F. and Revol, J.-P. and Reygers, K. and Riabov, V. and Ricci, R. A. and Richert, T. and Richter, M. and Riedler, P. and Riegler, W. and Riggi, F. and Ristea, C. and Rivetti, A. and Rocco, E. and Rodríguez Cahuantzi, M. and Rodriguez Manso, A. and Røed, K. and Rogochaya, E. and Rohr, D. and Röhrich, D. and Romita, R. and Ronchetti, F. and Ronflette, L. and Rosnet, P. and Rossi, A. and Roukoutakis, F. and Roy, A. and Roy, C. and Roy, P. and Rubio Montero, A. J. and Rui, R. and Russo, R. and Ryabinkin, E. and Ryabov, Y. and Rybicki, A. and Sadovsky, S. and Šafařík, K. and Sahlmuller, B. and Sahoo, P. and Sahoo, R. and Sahoo, S. and Sahu, P. K. and Saini, J. and Sakai, S. and Saleh, M. A. and Salgado, C. A. and Salzwedel, J. and Sambyal, S. and Samsonov, V. and Sanchez Castro, X. and Šándor, L. and Sandoval, A. and Sano, M. and Santagati, G. and Sarkar, D. and Scapparone, E. and Scarlassara, F. and Scharenberg, R. P. and Schiaua, C. and Schicker, R. and Schmidt, C. and Schmidt, H. R. and Schuchmann, S. and Schukraft, J. and Schulc, M. and Schuster, T. and Schutz, Y. and Schwarz, K. and Schweda, K. and Scioli, G. and Scomparin, E. and Scott, R. and Seeder, K. S. and Seger, J. E. and Sekiguchi, Y. and Selyuzhenkov, I. and Senosi, K. and Seo, J. and Serradilla, E. and Sevcenco, A. and Shabanov, A. and Shabetai, A. and Shadura, O. and Shahoyan, R. and Shangaraev, A. and Sharma, A. and Sharma, M. and Sharma, N. and Shigaki, K. and Shtejer, K. and Sibiriak, Y. and Siddhanta, S. and Sielewicz, K. M. and Siemiarczuk, T. and Silvermyr, D. and Silvestre, C. and Simatovic, G. and Simonetti, G. and Singaraju, R. and Singh, R. and Singha, S. and Singhal, V. and Sinha, B. C. and Sinha, T. and Sitar, B. and Sitta, M. and Skaali, T. B. and Slupecki, M. and Smirnov, N. and Snellings, R. J. M. and Snellman, T. W. and Søgaard, C. and Soltz, R. and Song, J. and Song, M. and Song, Z. and Soramel, F. and Sorensen, S. and Spacek, M. and Spiriti, E. and Sputowska, I. and Spyropoulou-Stassinaki, M. and Srivastava, B. K. and Stachel, J. and Stan, I. and Stefanek, G. and Steinpreis, M. and Stenlund, E. and Steyn, G. and Stiller, J. H. and Stocco, D. and Strmen, P. and Suaide, A. A. P. and Sugitate, T. and Suire, C. and Suleymanov, M. and Sultanov, R. and Šumbera, M. and Symons, T. J. M. and Szabo, A. and Szanto de Toledo, A. and Szarka, I. and Szczepankiewicz, A. and Szymanski, M. and Takahashi, J. and Tanaka, N. and Tangaro, M. A. and Tapia Takaki, J. D. and Tarantola Peloni, A. and Tariq, M. and Tarzila, M. G. and Tauro, A. and Tejeda Muñoz, G. and Telesca, A. and Terasaki, K. and Terrevoli, C. and Teyssier, B. and Thäder, J. and Thomas, D. and Tieulent, R. and Timmins, A. R. and Toia, A. and Trogolo, S. and Trubnikov, V. and Trzaska, W. H. and Tsuji, T. and Tumkin, A. and Turrisi, R. and Tveter, T. S. and Ullaland, K. and Uras, A. and Usai, G. L. and Utrobicic, A. and Vajzer, M. and Vala, M. and Valencia Palomo, L. and Vallero, S. and Van Der Maarel, J. and Van Hoorne, J. W. and van Leeuwen, M. and Vanat, T. and Vande Vyvre, P. and Varga, D. and Vargas, A. and Vargyas, M. and Varma, R. and Vasileiou, M. and Vasiliev, A. and Vauthier, A. and Vechernin, V. and Veen, A. M. and Veldhoen, M. and Velure, A. and Venaruzzo, M. and Vercellin, E. and Vergara Limón, S. and Vernet, R. and Verweij, M. and Vickovic, L. and Viesti, G. and Viinikainen, J. and Vilakazi, Z. and Villalobos Baillie, O. and Villatoro Tello, A. and Vinogradov, A. and Vinogradov, L. and Vinogradov, Y. and Virgili, T. and Vislavicius, V. and Viyogi, Y. P. and Vodopyanov, A. and Völkl, M. A. and Voloshin, K. and Voloshin, S. A. and Volpe, G. and von Haller, B. and Vorobyev, I. and Vranic, D. and Vrláková, J. and Vulpescu, B. and Vyushin, A. and Wagner, B. and Wagner, J. and Wang, H. and Wang, M. and Wang, Y. and Watanabe, D. and Weber, M. and Weber, S. G. and Wessels, J. P. and Westerhoff, U. and Wiechula, J. and Wikne, J. and Wilde, M. and Wilk, G. and Wilkinson, J. and Williams, M. C. S. and Windelband, B. and Winn, M. and Yaldo, C. G. and Yamaguchi, Y. and Yang, H. and Yang, P. and Yano, S. and Yasnopolskiy, S. and Yin, Z. and Yokoyama, H. and Yoo, I.-K. and Yurchenko, V. and Yushmanov, I. and Zaborowska, A. and Zaccolo, V. and Zaman, A. and Zampolli, C. and Zanoli, H. J. C. and Zaporozhets, S. and Zarochentsev, A. and Závada, P. and Zaviyalov, N. and Zbroszczyk, H. and Zgura, I. S. and Zhalov, M. and Zhang, H. and Zhang, X. and Zhang, Y. and Zhao, C. and Zhigareva, N. and Zhou, D. and Zhou, Y. and Zhou, Z. and Zhu, H. and Zhu, J. and Zhu, X. and Zichichi, A. and Zimmermann, A. and Zimmermann, M. B. and Zinovjev, G. and Zyzak, M.},
   year={2016},
   month=feb }

%a2
@article{2017_a2,
   title={Measurement of deuteron spectra and elliptic flow in Pb–Pb collisions at $\sqrt{s_{\mathrm {NN}
}}$ = 2.76 TeV at the LHC},
   volume={77},
   ISSN={1434-6052},
   url={http://dx.doi.org/10.1140/epjc/s10052-017-5222-x},
   DOI={10.1140/epjc/s10052-017-5222-x},
   number={10},
   journal={The European Physical Journal C},
   publisher={Springer Science and Business Media LLC},
   author={Acharya, S. and Adamová, D. and Adolfsson, J. and Aggarwal, M. M. and Aglieri Rinella, G. and Agnello, M. and Agrawal, N. and Ahammed, Z. and Ahmad, N. and Ahn, S. U. and Aiola, S. and Akindinov, A. and Alam, S. N. and Alba, J. L. B. and Albuquerque, D. S. D. and Aleksandrov, D. and Alessandro, B. and Alfaro Molina, R. and Alici, A. and Alkin, A. and Alme, J. and Alt, T. and Altenkamper, L. and Altsybeev, I. and Alves Garcia Prado, C. and Andrei, C. and Andreou, D. and Andrews, H. A. and Andronic, A. and Anguelov, V. and Anson, C. and Antičić, T. and Antinori, F. and Antonioli, P. and Anwar, R. and Aphecetche, L. and Appelshäuser, H. and Arcelli, S. and Arnaldi, R. and Arnold, O. W. and Arsene, I. C. and Arslandok, M. and Audurier, B. and Augustinus, A. and Averbeck, R. and Azmi, M. D. and Badalà, A. and Baek, Y. W. and Bagnasco, S. and Bailhache, R. and Bala, R. and Baldisseri, A. and Ball, M. and Baral, R. C. and Barbano, A. M. and Barbera, R. and Barile, F. and Barioglio, L. and Barnaföldi, G. G. and Barnby, L. S. and Barret, V. and Bartalini, P. and Barth, K. and Bartsch, E. and Basile, M. and Bastid, N. and Basu, S. and Bathen, B. and Batigne, G. and Batyunya, B. and Batzing, P. C. and Bearden, I. G. and Beck, H. and Bedda, C. and Behera, N. K. and Belikov, I. and Bellini, F. and Bello Martinez, H. and Bellwied, R. and Beltran, L. G. E. and Belyaev, V. and Bencedi, G. and Beole, S. and Bercuci, A. and Berdnikov, Y. and Berenyi, D. and Bertens, R. A. and Berzano, D. and Betev, L. and Bhasin, A. and Bhat, I. R. and Bhati, A. K. and Bhattacharjee, B. and Bhom, J. and Bianchi, L. and Bianchi, N. and Bianchin, C. and Bielčík, J. and Bielčíková, J. and Bilandzic, A. and Biro, G. and Biswas, R. and Biswas, S. and Blair, J. T. and Blau, D. and Blume, C. and Boca, G. and Bock, F. and Bogdanov, A. and Boldizsár, L. and Bombara, M. and Bonomi, G. and Bonora, M. and Book, J. and Borel, H. and Borissov, A. and Borri, M. and Botta, E. and Bourjau, C. and Bratrud, L. and Braun-Munzinger, P. and Bregant, M. and Broker, T. A. and Broz, M. and Brucken, E. J. and Bruna, E. and Bruno, G. E. and Budnikov, D. and Buesching, H. and Bufalino, S. and Buhler, P. and Buncic, P. and Busch, O. and Buthelezi, Z. and Butt, J. B. and Buxton, J. T. and Cabala, J. and Caffarri, D. and Caines, H. and Caliva, A. and Calvo Villar, E. and Camerini, P. and Capon, A. A. and Carena, F. and Carena, W. and Carnesecchi, F. and Castillo Castellanos, J. and Castro, A. J. and Casula, E. A. R. and Ceballos Sanchez, C. and Cerello, P. and Chandra, S. and Chang, B. and Chapeland, S. and Chartier, M. and Charvet, J. L. and Chattopadhyay, S. and Chattopadhyay, S. and Chauvin, A. and Cherney, M. and Cheshkov, C. and Cheynis, B. and Chibante Barroso, V. and Chinellato, D. D. and Cho, S. and Chochula, P. and Choi, K. and Chojnacki, M. and Choudhury, S. and Chowdhury, T. and Christakoglou, P. and Christensen, C. H. and Christiansen, P. and Chujo, T. and Chung, S. U. and Cicalo, C. and Cifarelli, L. and Cindolo, F. and Cleymans, J. and Colamaria, F. and Colella, D. and Collu, A. and Colocci, M. and Concas, M. and Conesa Balbastre, G. and Conesa del Valle, Z. and Connors, M. E. and Contreras, J. G. and Cormier, T. M. and Corrales Morales, Y. and Cortés Maldonado, I. and Cortese, P. and Cosentino, M. R. and Costa, F. and Costanza, S. and Crkovská, J. and Crochet, P. and Cuautle, E. and Cunqueiro, L. and Dahms, T. and Dainese, A. and Danisch, M. C. and Danu, A. and Das, D. and Das, I. and Das, S. and Dash, A. and Dash, S. and De, S. and De Caro, A. and de Cataldo, G. and de Conti, C. and de Cuveland, J. and De Falco, A. and De Gruttola, D. and De Marco, N. and De Pasquale, S. and De Souza, R. D. and Degenhardt, H. F. and Deisting, A. and Deloff, A. and Deplano, C. and Dhankher, P. and Di Bari, D. and Di Mauro, A. and Di Nezza, P. and Di Ruzza, B. and Diaz Corchero, M. A. and Dietel, T. and Dillenseger, P. and Divià, R. and Djuvsland, Ø. and Dobrin, A. and Domenicis Gimenez, D. and Dönigus, B. and Dordic, O. and Doremalen, L. V. V. and Dubey, A. K. and Dubla, A. and Ducroux, L. and Duggal, A. K. and Dupieux, P. and Ehlers, R. J. and Elia, D. and Endress, E. and Engel, H. and Epple, E. and Erazmus, B. and Erhardt, F. and Espagnon, B. and Esumi, S. and Eulisse, G. and Eum, J. and Evans, D. and Evdokimov, S. and Fabbietti, L. and Faivre, J. and Fantoni, A. and Fasel, M. and Feldkamp, L. and Feliciello, A. and Feofilov, G. and Ferencei, J. and Fernández Téllez, A. and Ferreiro, E. G. and Ferretti, A. and Festanti, A. and Feuillard, V. J. G. and Figiel, J. and Figueredo, M. A. S. and Filchagin, S. and Finogeev, D. and Fionda, F. M. and Fiore, E. M. and Floris, M. and Foertsch, S. and Foka, P. and Fokin, S. and Fragiacomo, E. and Francescon, A. and Francisco, A. and Frankenfeld, U. and Fronze, G. G. and Fuchs, U. and Furget, C. and Furs, A. and Fusco Girard, M. and Gaardhøje, J. J. and Gagliardi, M. and Gago, A. M. and Gajdosova, K. and Gallio, M. and Galvan, C. D. and Ganoti, P. and Gao, C. and Garabatos, C. and Garcia-Solis, E. and Garg, K. and Gargiulo, C. and Gasik, P. and Gauger, E. F. and Gay Ducati, M. B. and Germain, M. and Ghosh, J. and Ghosh, P. and Ghosh, S. K. and Gianotti, P. and Giubellino, P. and Giubilato, P. and Gladysz-Dziadus, E. and Glässel, P. and Goméz Coral, D. M. and Gomez Ramirez, A. and Gonzalez, A. S. and Gonzalez, V. and González-Zamora, P. and Gorbunov, S. and Görlich, L. and Gotovac, S. and Grabski, V. and Graczykowski, L. K. and Graham, K. L. and Greiner, L. and Grelli, A. and Grigoras, C. and Grigoriev, V. and Grigoryan, A. and Grigoryan, S. and Grion, N. and Gronefeld, J. M. and Grosa, F. and Grosse-Oetringhaus, J. F. and Grosso, R. and Gruber, L. and Guber, F. and Guernane, R. and Guerzoni, B. and Gulbrandsen, K. and Gunji, T. and Gupta, A. and Gupta, R. and Guzman, I. B. and Haake, R. and Hadjidakis, C. and Hamagaki, H. and Hamar, G. and Hamon, J. C. and Haque, M. R. and Harris, J. W. and Harton, A. and Hassan, H. and Hatzifotiadou, D. and Hayashi, S. and Heckel, S. T. and Hellbär, E. and Helstrup, H. and Herghelegiu, A. and Herrera Corral, G. and Herrmann, F. and Hess, B. A. and Hetland, K. F. and Hillemanns, H. and Hills, C. and Hippolyte, B. and Hladky, J. and Hohlweger, B. and Horak, D. and Hornung, S. and Hosokawa, R. and Hristov, P. and Hughes, C. and Humanic, T. J. and Hussain, N. and Hussain, T. and Hutter, D. and Hwang, D. S. and Iga Buitron, S. A. and Ilkaev, R. and Inaba, M. and Ippolitov, M. and Irfan, M. and Isakov, V. and Ivanov, M. and Ivanov, V. and Izucheev, V. and Jacak, B. and Jacazio, N. and Jacobs, P. M. and Jadhav, M. B. and Jadlovsky, J. and Jaelani, S. and Jahnke, C. and Jakubowska, M. J. and Janik, M. A. and Jayarathna, P. H. S. Y. and Jena, C. and Jena, S. and Jercic, M. and Jimenez Bustamante, R. T. and Jones, P. G. and Jusko, A. and Kalinak, P. and Kalweit, A. and Kang, J. H. and Kaplin, V. and Kar, S. and Karasu Uysal, A. and Karavichev, O. and Karavicheva, T. and Karayan, L. and Karczmarczyk, P. and Karpechev, E. and Kebschull, U. and Keidel, R. and Keijdener, D. L. D. and Keil, M. and Ketzer, B. and Khabanova, Z. and Khan, P. and Khan, S. A. and Khanzadeev, A. and Kharlov, Y. and Khatun, A. and Khuntia, A. and Kielbowicz, M. M. and Kileng, B. and Kim, B. and Kim, D. and Kim, D. W. and Kim, D. J. and Kim, H. and Kim, J. S. and Kim, J. and Kim, M. and Kim, M. and Kim, S. and Kim, T. and Kirsch, S. and Kisel, I. and Kiselev, S. and Kisiel, A. and Kiss, G. and Klay, J. L. and Klein, C. and Klein, J. and Klein-Bösing, C. and Klewin, S. and Kluge, A. and Knichel, M. L. and Knospe, A. G. and Kobdaj, C. and Kofarago, M. and Kollegger, T. and Kolojvari, A. and Kondratiev, V. and Kondratyeva, N. and Kondratyuk, E. and Konevskikh, A. and Konyushikhin, M. and Kopcik, M. and Kour, M. and Kouzinopoulos, C. and Kovalenko, O. and Kovalenko, V. and Kowalski, M. and Koyithatta Meethaleveedu, G. and Králik, I. and Kravčáková, A. and Krivda, M. and Krizek, F. and Kryshen, E. and Krzewicki, M. and Kubera, A. M. and Kučera, V. and Kuhn, C. and Kuijer, P. G. and Kumar, A. and Kumar, J. and Kumar, L. and Kumar, S. and Kundu, S. and Kurashvili, P. and Kurepin, A. and Kurepin, A. B. and Kuryakin, A. and Kushpil, S. and Kweon, M. J. and Kwon, Y. and La Pointe, S. L. and La Rocca, P. and Lagana Fernandes, C. and Lai, Y. S. and Lakomov, I. and Langoy, R. and Lapidus, K. and Lara, C. and Lardeux, A. and Lattuca, A. and Laudi, E. and Lavicka, R. and Lazaridis, L. and Lea, R. and Leardini, L. and Lee, S. and Lehas, F. and Lehner, S. and Lehrbach, J. and Lemmon, R. C. and Lenti, V. and Leogrande, E. and León Monzón, I. and Lévai, P. and Li, S. and Li, X. and Lien, J. and Lietava, R. and Lim, B. and Lindal, S. and Lindenstruth, V. and Lindsay, S. W. and Lippmann, C. and Lisa, M. A. and Litichevskyi, V. and Ljunggren, H. M. and Llope, W. J. and Lodato, D. F. and Loenne, P. I. and Loginov, V. and Loizides, C. and Loncar, P. and Lopez, X. and López Torres, E. and Lowe, A. and Luettig, P. and Lunardon, M. and Luparello, G. and Lupi, M. and Lutz, T. H. and Maevskaya, A. and Mager, M. and Mahajan, S. and Mahmood, S. M. and Maire, A. and Majka, R. D. and Malaev, M. and Malinina, L. and Mal’Kevich, D. and Malzacher, P. and Mamonov, A. and Manko, V. and Manso, F. and Manzari, V. and Mao, Y. and Marchisone, M. and Mareš, J. and Margagliotti, G. V. and Margotti, A. and Margutti, J. and Marín, A. and Markert, C. and Marquard, M. and Martin, N. A. and Martinengo, P. and Martinez, J. A. L. and Martínez, M. I. and Martínez García, G. and Martinez Pedreira, M. and Mas, A. and Masciocchi, S. and Masera, M. and Masoni, A. and Masson, E. and Mastroserio, A. and Mathis, A. M. and Matyja, A. and Mayer, C. and Mazer, J. and Mazzilli, M. and Mazzoni, M. A. and Meddi, F. and Melikyan, Y. and Menchaca-Rocha, A. and Meninno, E. and Mercado Pérez, J. and Meres, M. and Mhlanga, S. and Miake, Y. and Mieskolainen, M. M. and Mihaylov, D. and Mihaylov, D. L. and Mikhaylov, K. and Milano, L. and Milosevic, J. and Mischke, A. and Mishra, A. N. and Miśkowiec, D. and Mitra, J. and Mitu, C. M. and Mohammadi, N. and Mohanty, B. and Mohisin Khan, M. and Montes, E. and Moreira De Godoy, D. A. and Moreno, L. A. P. and Moretto, S. and Morreale, A. and Morsch, A. and Muccifora, V. and Mudnic, E. and Mühlheim, D. and Muhuri, S. and Mukherjee, M. and Mulligan, J. D. and Munhoz, M. G. and Münning, K. and Munzer, R. H. and Murakami, H. and Murray, S. and Musa, L. and Musinsky, J. and Myers, C. J. and Myrcha, J. W. and Naik, B. and Nair, R. and Nandi, B. K. and Nania, R. and Nappi, E. and Narayan, A. and Naru, M. U. and Natal da Luz, H. and Nattrass, C. and Navarro, S. R. and Nayak, K. and Nayak, R. and Nayak, T. K. and Nazarenko, S. and Nedosekin, A. and Negrao De Oliveira, R. A. and Nellen, L. and Nesbo, S. V. and Ng, F. and Nicassio, M. and Niculescu, M. and Niedziela, J. and Nielsen, B. S. and Nikolaev, S. and Nikulin, S. and Nikulin, V. and Nobuhiro, A. and Noferini, F. and Nomokonov, P. and Nooren, G. and Noris, J. C. C. and Norman, J. and Nyanin, A. and Nystrand, J. and Oeschler, H. and Oh, S. and Ohlson, A. and Okubo, T. and Olah, L. and Oleniacz, J. and Oliveira Da Silva, A. C. and Oliver, M. H. and Onderwaater, J. and Oppedisano, C. and Orava, R. and Oravec, M. and Ortiz Velasquez, A. and Oskarsson, A. and Otwinowski, J. and Oyama, K. and Pachmayer, Y. and Pacik, V. and Pagano, D. and Pagano, P. and Paić, G. and Palni, P. and Pan, J. and Pandey, A. K. and Panebianco, S. and Papikyan, V. and Pappalardo, G. S. and Pareek, P. and Park, J. and Parmar, S. and Passfeld, A. and Pathak, S. P. and Paticchio, V. and Patra, R. N. and Paul, B. and Pei, H. and Peitzmann, T. and Peng, X. and Pereira, L. G. and Pereira Da Costa, H. and Peresunko, D. and Perez Lezama, E. and Peskov, V. and Pestov, Y. and Petráček, V. and Petrov, V. and Petrovici, M. and Petta, C. and Pezzi, R. P. and Piano, S. and Pikna, M. and Pillot, P. and Pimentel, L. O. D. L. and Pinazza, O. and Pinsky, L. and Piyarathna, D. B. and Płoskoń, M. and Planinic, M. and Pliquett, F. and Pluta, J. and Pochybova, S. and Podesta-Lerma, P. L. M. and Poghosyan, M. G. and Polichtchouk, B. and Poljak, N. and Poonsawat, W. and Pop, A. and Poppenborg, H. and Porteboeuf-Houssais, S. and Porter, J. and Pozdniakov, V. and Prasad, S. K. and Preghenella, R. and Prino, F. and Pruneau, C. A. and Pshenichnov, I. and Puccio, M. and Puddu, G. and Pujahari, P. and Punin, V. and Putschke, J. and Rachevski, A. and Raha, S. and Rajput, S. and Rak, J. and Rakotozafindrabe, A. and Ramello, L. and Rami, F. and Rana, D. B. and Raniwala, R. and Raniwala, S. and Räsänen, S. S. and Rascanu, B. T. and Rathee, D. and Ratza, V. and Ravasenga, I. and Read, K. F. and Redlich, K. and Rehman, A. and Reichelt, P. and Reidt, F. and Ren, X. and Renfordt, R. and Reolon, A. R. and Reshetin, A. and Reygers, K. and Riabov, V. and Ricci, R. A. and Richert, T. and Richter, M. and Riedler, P. and Riegler, W. and Riggi, F. and Ristea, C. and Rodríguez Cahuantzi, M. and Røed, K. and Rogochaya, E. and Rohr, D. and Röhrich, D. and Rokita, P. S. and Ronchetti, F. and Rosas, E. D. and Rosnet, P. and Rossi, A. and Rotondi, A. and Roukoutakis, F. and Roy, A. and Roy, C. and Roy, P. and Rubio Montero, A. J. and Rueda, O. V. and Rui, R. and Rumyantsev, B. and Rustamov, A. and Ryabinkin, E. and Ryabov, Y. and Rybicki, A. and Saarinen, S. and Sadhu, S. and Sadovsky, S. and Šafařík, K. and Saha, S. K. and Sahlmuller, B. and Sahoo, B. and Sahoo, P. and Sahoo, R. and Sahoo, S. and Sahu, P. K. and Saini, J. and Sakai, S. and Saleh, M. A. and Salzwedel, J. and Sambyal, S. and Samsonov, V. and Sandoval, A. and Sarkar, D. and Sarkar, N. and Sarma, P. and Sas, M. H. P. and Scapparone, E. and Scarlassara, F. and Scharenberg, R. P. and Scheid, H. S. and Schiaua, C. and Schicker, R. and Schmidt, C. and Schmidt, H. R. and Schmidt, M. O. and Schmidt, M. and Schmidt, N. V. and Schuchmann, S. and Schukraft, J. and Schutz, Y. and Schwarz, K. and Schweda, K. and Scioli, G. and Scomparin, E. and Scott, R. and Šefčík, M. and Seger, J. E. and Sekiguchi, Y. and Sekihata, D. and Selyuzhenkov, I. and Senosi, K. and Senyukov, S. and Serradilla, E. and Sett, P. and Sevcenco, A. and Shabanov, A. and Shabetai, A. and Shahoyan, R. and Shaikh, W. and Shangaraev, A. and Sharma, A. and Sharma, A. and Sharma, M. and Sharma, M. and Sharma, N. and Sheikh, A. I. and Shigaki, K. and Shou, Q. and Shtejer, K. and Sibiriak, Y. and Siddhanta, S. and Sielewicz, K. M. and Siemiarczuk, T. and Silvermyr, D. and Silvestre, C. and Simatovic, G. and Simonetti, G. and Singaraju, R. and Singh, R. and Singhal, V. and Sinha, T. and Sitar, B. and Sitta, M. and Skaali, T. B. and Slupecki, M. and Smirnov, N. and Snellings, R. J. M. and Snellman, T. W. and Song, J. and Song, M. and Soramel, F. and Sorensen, S. and Sozzi, F. and Spiriti, E. and Sputowska, I. and Srivastava, B. K. and Stachel, J. and Stan, I. and Stankus, P. and Stenlund, E. and Stocco, D. and Storetvedt, M. M. and Strmen, P. and Suaide, A. A. P. and Sugitate, T. and Suire, C. and Suleymanov, M. and Suljic, M. and Sultanov, R. and Šumbera, M. and Sumowidagdo, S. and Suzuki, K. and Swain, S. and Szabo, A. and Szarka, I. and Tabassam, U. and Takahashi, J. and Tambave, G. J. and Tanaka, N. and Tarhini, M. and Tariq, M. and Tarzila, M. G. and Tauro, A. and Tejeda Muñoz, G. and Telesca, A. and Terasaki, K. and Terrevoli, C. and Teyssier, B. and Thakur, D. and Thakur, S. and Thomas, D. and Thoresen, F. and Tieulent, R. and Tikhonov, A. and Timmins, A. R. and Toia, A. and Tripathy, S. and Trogolo, S. and Trombetta, G. and Tropp, L. and Trubnikov, V. and Trzaska, W. H. and Trzeciak, B. A. and Tsuji, T. and Tumkin, A. and Turrisi, R. and Tveter, T. S. and Ullaland, K. and Umaka, E. N. and Uras, A. and Usai, G. L. and Utrobicic, A. and Vala, M. and Van Der Maarel, J. and Van Hoorne, J. W. and van Leeuwen, M. and Vanat, T. and Vande Vyvre, P. and Varga, D. and Vargas, A. and Vargyas, M. and Varma, R. and Vasileiou, M. and Vasiliev, A. and Vauthier, A. and Vázquez Doce, O. and Vechernin, V. and Veen, A. M. and Velure, A. and Vercellin, E. and Vergara Limón, S. and Vernet, R. and Vértesi, R. and Vickovic, L. and Vigolo, S. and Viinikainen, J. and Vilakazi, Z. and Villalobos Baillie, O. and Villatoro Tello, A. and Vinogradov, A. and Vinogradov, L. and Virgili, T. and Vislavicius, V. and Vodopyanov, A. and Völkl, M. A. and Voloshin, K. and Voloshin, S. A. and Volpe, G. and von Haller, B. and Vorobyev, I. and Voscek, D. and Vranic, D. and Vrláková, J. and Wagner, B. and Wang, H. and Wang, M. and Watanabe, D. and Watanabe, Y. and Weber, M. and Weber, S. G. and Weiser, D. F. and Wenzel, S. C. and Wessels, J. P. and Westerhoff, U. and Whitehead, A. M. and Wiechula, J. and Wikne, J. and Wilk, G. and Wilkinson, J. and Willems, G. A. and Williams, M. C. S. and Willsher, E. and Windelband, B. and Witt, W. E. and Yalcin, S. and Yamakawa, K. and Yang, P. and Yano, S. and Yin, Z. and Yokoyama, H. and Yoo, I.-K. and Yoon, J. H. and Yurchenko, V. and Zaccolo, V. and Zaman, A. and Zampolli, C. and Zanoli, H. J. C. and Zardoshti, N. and Zarochentsev, A. and Závada, P. and Zaviyalov, N. and Zbroszczyk, H. and Zhalov, M. and Zhang, H. and Zhang, X. and Zhang, Y. and Zhang, C. and Zhang, Z. and Zhao, C. and Zhigareva, N. and Zhou, D. and Zhou, Y. and Zhou, Z. and Zhu, H. and Zhu, J. and Zhu, X. and Zichichi, A. and Zimmermann, A. and Zimmermann, M. B. and Zinovjev, G. and Zmeskal, J. and Zou, S.},
   year={2017},
   month=oct }

%a3
@article{Acharya_2018_a3,
   title={Production of $^3\text{He}$ and $^4\bar{\text{He}}$ in Pb–Pb collisions at $\sqrt{s_{NN}} = 2.76$ TeV at the LHC},
   volume={971},
   ISSN={0375-9474},
   url={http://dx.doi.org/10.1016/j.nuclphysa.2017.12.004},
   DOI={10.1016/j.nuclphysa.2017.12.004},
   journal={Nuclear Physics A},
   publisher={Elsevier BV},
   author={Acharya, S. and Adamová, D. and Adolfsson, J. and Aggarwal, M.M. and Aglieri Rinella, G. and Agnello, M. and Agrawal, N. and Ahammed, Z. and Ahn, S.U. and Aiola, S. and Akindinov, A. and Al-Turany, M. and Alam, S.N. and Albuquerque, D.S.D. and Aleksandrov, D. and Alessandro, B. and Alfaro Molina, R. and Ali, Y. and Alici, A. and Alkin, A. and Alme, J. and Alt, T. and Altenkamper, L. and Altsybeev, I. and Alves Garcia Prado, C. and Andrei, C. and Andreou, D. and Andrews, H.A. and Andronic, A. and Anguelov, V. and Anson, C. and Antičić, T. and Antinori, F. and Antonioli, P. and Aphecetche, L. and Appelshäuser, H. and Arcelli, S. and Arnaldi, R. and Arnold, O.W. and Arsene, I.C. and Arslandok, M. and Audurier, B. and Augustinus, A. and Averbeck, R. and Azmi, M.D. and Badalà, A. and Baek, Y.W. and Bagnasco, S. and Bailhache, R. and Bala, R. and Baldisseri, A. and Ball, M. and Baral, R.C. and Barbano, A.M. and Barbera, R. and Barile, F. and Barioglio, L. and Barnaföldi, G.G. and Barnby, L.S. and Barret, V. and Bartalini, P. and Barth, K. and Bartsch, E. and Bastid, N. and Basu, S. and Batigne, G. and Batyunya, B. and Batzing, P.C. and Bazo Alba, J.L. and Bearden, I.G. and Beck, H. and Bedda, C. and Behera, N.K. and Belikov, I. and Bellini, F. and Bello Martinez, H. and Bellwied, R. and Beltran, L.G.E. and Belyaev, V. and Bencedi, G. and Beole, S. and Bercuci, A. and Berdnikov, Y. and Berenyi, D. and Bertens, R.A. and Berzano, D. and Betev, L. and Bhasin, A. and Bhat, I.R. and Bhattacharjee, B. and Bhom, J. and Bianchi, A. and Bianchi, L. and Bianchi, N. and Bianchin, C. and Bielčík, J. and Bielčíková, J. and Bilandzic, A. and Biro, G. and Biswas, R. and Biswas, S. and Blair, J.T. and Blau, D. and Blume, C. and Boca, G. and Bock, F. and Bogdanov, A. and Boldizsár, L. and Bombara, M. and Bonomi, G. and Bonora, M. and Book, J. and Borel, H. and Borissov, A. and Borri, M. and Botta, E. and Bourjau, C. and Bratrud, L. and Braun-Munzinger, P. and Bregant, M. and Broker, T.A. and Broz, M. and Brucken, E.J. and Bruna, E. and Bruno, G.E. and Budnikov, D. and Buesching, H. and Bufalino, S. and Buhler, P. and Buncic, P. and Busch, O. and Buthelezi, Z. and Butt, J.B. and Buxton, J.T. and Cabala, J. and Caffarri, D. and Caines, H. and Caliva, A. and Calvo Villar, E. and Camerini, P. and Capon, A.A. and Carena, F. and Carena, W. and Carnesecchi, F. and Castillo Castellanos, J. and Castro, A.J. and Casula, E.A.R. and Ceballos Sanchez, C. and Chandra, S. and Chang, B. and Chang, W. and Chapeland, S. and Chartier, M. and Chattopadhyay, S. and Chattopadhyay, S. and Chauvin, A. and Cheshkov, C. and Cheynis, B. and Chibante Barroso, V. and Chinellato, D.D. and Cho, S. and Chochula, P. and Chojnacki, M. and Choudhury, S. and Chowdhury, T. and Christakoglou, P. and Christensen, C.H. and Christiansen, P. and Chujo, T. and Chung, S.U. and Cicalo, C. and Cifarelli, L. and Cindolo, F. and Cleymans, J. and Colamaria, F. and Colella, D. and Collu, A. and Colocci, M. and Concas, M. and Conesa Balbastre, G. and Conesa del Valle, Z. and Contreras, J.G. and Cormier, T.M. and Corrales Morales, Y. and Cortés Maldonado, I. and Cortese, P. and Cosentino, M.R. and Costa, F. and Costanza, S. and Crkovská, J. and Crochet, P. and Cuautle, E. and Cunqueiro, L. and Dahms, T. and Dainese, A. and Danisch, M.C. and Danu, A. and Das, D. and Das, I. and Das, S. and Dash, A. and Dash, S. and De, S. and De Caro, A. and de Cataldo, G. and de Conti, C. and de Cuveland, J. and De Falco, A. and De Gruttola, D. and De Marco, N. and De Pasquale, S. and De Souza, R.D. and Degenhardt, H.F. and Deisting, A. and Deloff, A. and Deplano, C. and Dhankher, P. and Di Bari, D. and Di Mauro, A. and Di Nezza, P. and Di Ruzza, B. and Diaz Corchero, M.A. and Dietel, T. and Dillenseger, P. and Ding, Y. and Divià, R. and Djuvsland, Ø. and Dobrin, A. and Domenicis Gimenez, D. and Dönigus, B. and Dordic, O. and Doremalen, L.V.R. and Dubey, A.K. and Dubla, A. and Ducroux, L. and Dudi, S. and Duggal, A.K. and Dukhishyam, M. and Dupieux, P. and Ehlers, R.J. and Elia, D. and Endress, E. and Engel, H. and Epple, E. and Erazmus, B. and Erhardt, F. and Espagnon, B. and Eulisse, G. and Eum, J. and Evans, D. and Evdokimov, S. and Fabbietti, L. and Faivre, J. and Fantoni, A. and Fasel, M. and Feldkamp, L. and Feliciello, A. and Feofilov, G. and Fernández Téllez, A. and Ferreiro, E.G. and Ferretti, A. and Festanti, A. and Feuillard, V.J.G. and Figiel, J. and Figueredo, M.A.S. and Filchagin, S. and Finogeev, D. and Fionda, F.M. and Floris, M. and Foertsch, S. and Foka, P. and Fokin, S. and Fragiacomo, E. and Francescon, A. and Francisco, A. and Frankenfeld, U. and Fronze, G.G. and Fuchs, U. and Furget, C. and Furs, A. and Fusco Girard, M. and Gaardhøje, J.J. and Gagliardi, M. and Gago, A.M. and Gajdosova, K. and Gallio, M. and Galvan, C.D. and Ganoti, P. and Garabatos, C. and Garcia-Solis, E. and Garg, K. and Gargiulo, C. and Gasik, P. and Gauger, E.F. and Gay Ducati, M.B. and Germain, M. and Ghosh, J. and Ghosh, P. and Ghosh, S.K. and Gianotti, P. and Giubellino, P. and Giubilato, P. and Gladysz-Dziadus, E. and Glässel, P. and Goméz Coral, D.M. and Gomez Ramirez, A. and Gonzalez, A.S. and Gonzalez, V. and González-Zamora, P. and Gorbunov, S. and Görlich, L. and Gotovac, S. and Grabski, V. and Graczykowski, L.K. and Graham, K.L. and Greiner, L. and Grelli, A. and Grigoras, C. and Grigoriev, V. and Grigoryan, A. and Grigoryan, S. and Gronefeld, J.M. and Grosa, F. and Grosse-Oetringhaus, J.F. and Grosso, R. and Guber, F. and Guernane, R. and Guerzoni, B. and Gulbrandsen, K. and Gunji, T. and Gupta, A. and Gupta, R. and Guzman, I.B. and Haake, R. and Hadjidakis, C. and Hamagaki, H. and Hamar, G. and Hamon, J.C. and Haque, M.R. and Harris, J.W. and Harton, A. and Hassan, H. and Hatzifotiadou, D. and Hayashi, S. and Heckel, S.T. and Hellbär, E. and Helstrup, H. and Herghelegiu, A. and Hernandez, E.G. and Herrera Corral, G. and Herrmann, F. and Hess, B.A. and Hetland, K.F. and Hillemanns, H. and Hills, C. and Hippolyte, B. and Hohlweger, B. and Horak, D. and Hornung, S. and Hosokawa, R. and Hristov, P. and Hughes, C. and Humanic, T.J. and Hussain, N. and Hussain, T. and Hutter, D. and Hwang, D.S. and Iga Buitron, S.A. and Ilkaev, R. and Inaba, M. and Ippolitov, M. and Islam, M.S. and Ivanov, M. and Ivanov, V. and Izucheev, V. and Jacak, B. and Jacazio, N. and Jacobs, P.M. and Jadhav, M.B. and Jadlovska, S. and Jadlovsky, J. and Jaelani, S. and Jahnke, C. and Jakubowska, M.J. and Janik, M.A. and Jayarathna, P.H.S.Y. and Jena, C. and Jercic, M. and Jimenez Bustamante, R.T. and Jones, P.G. and Jusko, A. and Kalinak, P. and Kalweit, A. and Kang, J.H. and Kaplin, V. and Kar, S. and Karasu Uysal, A. and Karavichev, O. and Karavicheva, T. and Karayan, L. and Karczmarczyk, P. and Karpechev, E. and Kebschull, U. and Keidel, R. and Keijdener, D.L.D. and Keil, M. and Ketzer, B. and Khabanova, Z. and Khan, P. and Khan, S.A. and Khanzadeev, A. and Kharlov, Y. and Khatun, A. and Khuntia, A. and Kielbowicz, M.M. and Kileng, B. and Kim, B. and Kim, D. and Kim, D.J. and Kim, H. and Kim, J.S. and Kim, J. and Kim, M. and Kim, S. and Kim, T. and Kirsch, S. and Kisel, I. and Kiselev, S. and Kisiel, A. and Kiss, G. and Klay, J.L. and Klein, C. and Klein, J. and Klein-Bösing, C. and Klewin, S. and Kluge, A. and Knichel, M.L. and Knospe, A.G. and Kobdaj, C. and Kofarago, M. and Köhler, M.K. and Kollegger, T. and Kondratiev, V. and Kondratyeva, N. and Kondratyuk, E. and Konevskikh, A. and Konyushikhin, M. and Kopcik, M. and Kour, M. and Kouzinopoulos, C. and Kovalenko, O. and Kovalenko, V. and Kowalski, M. and Koyithatta Meethaleveedu, G. and Králik, I. and Kravčáková, A. and Kreis, L. and Krivda, M. and Krizek, F. and Kryshen, E. and Krzewicki, M. and Kubera, A.M. and Kučera, V. and Kuhn, C. and Kuijer, P.G. and Kumar, A. and Kumar, J. and Kumar, L. and Kumar, S. and Kundu, S. and Kurashvili, P. and Kurepin, A. and Kurepin, A.B. and Kuryakin, A. and Kushpil, S. and Kweon, M.J. and Kwon, Y. and La Pointe, S.L. and La Rocca, P. and Lagana Fernandes, C. and Lai, Y.S. and Lakomov, I. and Langoy, R. and Lapidus, K. and Lara, C. and Lardeux, A. and Lattuca, A. and Laudi, E. and Lavicka, R. and Lea, R. and Leardini, L. and Lee, S. and Lehas, F. and Lehner, S. and Lehrbach, J. and Lemmon, R.C. and Leogrande, E. and León Monzón, I. and Lévai, P. and Li, X. and Lien, J. and Lietava, R. and Lim, B. and Lindal, S. and Lindenstruth, V. and Lindsay, S.W. and Lippmann, C. and Lisa, M.A. and Litichevskyi, V. and Llope, W.J. and Lodato, D.F. and Loenne, P.I. and Loginov, V. and Loizides, C. and Loncar, P. and Lopez, X. and López Torres, E. and Lowe, A. and Luettig, P. and Luhder, J.R. and Lunardon, M. and Luparello, G. and Lupi, M. and Lutz, T.H. and Maevskaya, A. and Mager, M. and Mahmood, S.M. and Maire, A. and Majka, R.D. and Malaev, M. and Malinina, L. and Mal’Kevich, D. and Malzacher, P. and Mamonov, A. and Manko, V. and Manso, F. and Manzari, V. and Mao, Y. and Marchisone, M. and Mareš, J. and Margagliotti, G.V. and Margotti, A. and Margutti, J. and Marín, A. and Markert, C. and Marquard, M. and Martin, N.A. and Martinengo, P. and Martinez, J.A.L. and Martínez, M.I. and Martínez García, G. and Martinez Pedreira, M. and Masciocchi, S. and Masera, M. and Masoni, A. and Masson, E. and Mastroserio, A. and Mathis, A.M. and Matuoka, P.F.T. and Matyja, A. and Mayer, C. and Mazer, J. and Mazzilli, M. and Mazzoni, M.A. and Meddi, F. and Melikyan, Y. and Menchaca-Rocha, A. and Meninno, E. and Mercado Pérez, J. and Meres, M. and Mhlanga, S. and Miake, Y. and Mieskolainen, M.M. and Mihaylov, D.L. and Mikhaylov, K. and Mischke, A. and Mishra, A.N. and Miśkowiec, D. and Mitra, J. and Mitu, C.M. and Mohammadi, N. and Mohanty, A.P. and Mohanty, B. and Mohisin Khan, M. and Montes, E. and Moreira De Godoy, D.A. and Moreno, L.A.P. and Moretto, S. and Morreale, A. and Morsch, A. and Muccifora, V. and Mudnic, E. and Mühlheim, D. and Muhuri, S. and Mulligan, J.D. and Munhoz, M.G. and Münning, K. and Munzer, R.H. and Murakami, H. and Murray, S. and Musa, L. and Musinsky, J. and Myers, C.J. and Myrcha, J.W. and Nag, D. and Naik, B. and Nair, R. and Nandi, B.K. and Nania, R. and Nappi, E. and Narayan, A. and Naru, M.U. and Natal da Luz, H. and Nattrass, C. and Navarro, S.R. and Nayak, K. and Nayak, R. and Nayak, T.K. and Nazarenko, S. and Negrao De Oliveira, R.A. and Nellen, L. and Nesbo, S.V. and Ng, F. and Nicassio, M. and Niculescu, M. and Niedziela, J. and Nielsen, B.S. and Nikolaev, S. and Nikulin, S. and Nikulin, V. and Noferini, F. and Nomokonov, P. and Nooren, G. and Noris, J.C.C. and Norman, J. and Nyanin, A. and Nystrand, J. and Oeschler, H. and Oh, H. and Ohlson, A. and Okubo, T. and Olah, L. and Oleniacz, J. and Oliveira Da Silva, A.C. and Oliver, M.H. and Onderwaater, J. and Oppedisano, C. and Orava, R. and Oravec, M. and Ortiz Velasquez, A. and Oskarsson, A. and Otwinowski, J. and Oyama, K. and Pachmayer, Y. and Pacik, V. and Pagano, D. and Paić, G. and Palni, P. and Pan, J. and Pandey, A.K. and Panebianco, S. and Papikyan, V. and Pareek, P. and Park, J. and Parmar, S. and Passfeld, A. and Pathak, S.P. and Patra, R.N. and Paul, B. and Pei, H. and Peitzmann, T. and Peng, X. and Pereira, L.G. and Pereira Da Costa, H. and Peresunko, D. and Perez Lezama, E. and Peskov, V. and Pestov, Y. and Petráček, V. and Petrov, V. and Petrovici, M. and Petta, C. and Pezzi, R.P. and Piano, S. and Pikna, M. and Pillot, P. and Pimentel, L.O.D.L. and Pinazza, O. and Pinsky, L. and Piyarathna, D.B. and Płoskoń, M. and Planinic, M. and Pliquett, F. and Pluta, J. and Pochybova, S. and Podesta-Lerma, P.L.M. and Poghosyan, M.G. and Polichtchouk, B. and Poljak, N. and Poonsawat, W. and Pop, A. and Poppenborg, H. and Porteboeuf-Houssais, S. and Pozdniakov, V. and Prasad, S.K. and Preghenella, R. and Prino, F. and Pruneau, C.A. and Pshenichnov, I. and Puccio, M. and Punin, V. and Putschke, J. and Raha, S. and Rajput, S. and Rak, J. and Rakotozafindrabe, A. and Ramello, L. and Rami, F. and Rana, D.B. and Raniwala, R. and Raniwala, S. and Räsänen, S.S. and Rascanu, B.T. and Rathee, D. and Ratza, V. and Ravasenga, I. and Read, K.F. and Redlich, K. and Rehman, A. and Reichelt, P. and Reidt, F. and Ren, X. and Renfordt, R. and Reshetin, A. and Reygers, K. and Riabov, V. and Richert, T. and Richter, M. and Riedler, P. and Riegler, W. and Riggi, F. and Ristea, C. and Rodríguez Cahuantzi, M. and Røed, K. and Rogochaya, E. and Rohr, D. and Röhrich, D. and Rokita, P.S. and Ronchetti, F. and Rosas, E.D. and Rosnet, P. and Rossi, A. and Rotondi, A. and Roukoutakis, F. and Roy, C. and Roy, P. and Rubio Montero, A.J. and Rueda, O.V. and Rui, R. and Rumyantsev, B. and Rustamov, A. and Ryabinkin, E. and Ryabov, Y. and Rybicki, A. and Saarinen, S. and Sadhu, S. and Sadovsky, S. and Šafařík, K. and Saha, S.K. and Sahlmuller, B. and Sahoo, B. and Sahoo, P. and Sahoo, R. and Sahoo, S. and Sahu, P.K. and Saini, J. and Sakai, S. and Saleh, M.A. and Salzwedel, J. and Sambyal, S. and Samsonov, V. and Sandoval, A. and Sarkar, A. and Sarkar, D. and Sarkar, N. and Sarma, P. and Sas, M.H.P. and Scapparone, E. and Scarlassara, F. and Schaefer, B. and Scheid, H.S. and Schiaua, C. and Schicker, R. and Schmidt, C. and Schmidt, H.R. and Schmidt, M.O. and Schmidt, M. and Schmidt, N.V. and Schukraft, J. and Schutz, Y. and Schwarz, K. and Schweda, K. and Scioli, G. and Scomparin, E. and Šefčík, M. and Seger, J.E. and Sekiguchi, Y. and Sekihata, D. and Selyuzhenkov, I. and Senosi, K. and Senyukov, S. and Serradilla, E. and Sett, P. and Sevcenco, A. and Shabanov, A. and Shabetai, A. and Shahoyan, R. and Shaikh, W. and Shangaraev, A. and Sharma, A. and Sharma, A. and Sharma, M. and Sharma, M. and Sharma, N. and Sheikh, A.I. and Shigaki, K. and Shirinkin, S. and Shou, Q. and Shtejer, K. and Sibiriak, Y. and Siddhanta, S. and Sielewicz, K.M. and Siemiarczuk, T. and Silaeva, S. and Silvermyr, D. and Simatovic, G. and Simonetti, G. and Singaraju, R. and Singh, R. and Singhal, V. and Sinha, T. and Sitar, B. and Sitta, M. and Skaali, T.B. and Slupecki, M. and Smirnov, N. and Snellings, R.J.M. and Snellman, T.W. and Song, J. and Song, M. and Soramel, F. and Sorensen, S. and Sozzi, F. and Sputowska, I. and Stachel, J. and Stan, I. and Stankus, P. and Stenlund, E. and Stocco, D. and Storetvedt, M.M. and Strmen, P. and Suaide, A.A.P. and Sugitate, T. and Suire, C. and Suleymanov, M. and Suljic, M. and Sultanov, R. and Šumbera, M. and Sumowidagdo, S. and Suzuki, K. and Swain, S. and Szabo, A. and Szarka, I. and Tabassam, U. and Takahashi, J. and Tambave, G.J. and Tanaka, N. and Tarhini, M. and Tariq, M. and Tarzila, M.G. and Tauro, A. and Tejeda Muñoz, G. and Telesca, A. and Terasaki, K. and Terrevoli, C. and Teyssier, B. and Thakur, D. and Thakur, S. and Thomas, D. and Thoresen, F. and Tieulent, R. and Tikhonov, A. and Timmins, A.R. and Toia, A. and Toppi, M. and Torres, S.R. and Tripathy, S. and Trogolo, S. and Trombetta, G. and Tropp, L. and Trubnikov, V. and Trzaska, W.H. and Trzeciak, B.A. and Tsuji, T. and Tumkin, A. and Turrisi, R. and Tveter, T.S. and Ullaland, K. and Umaka, E.N. and Uras, A. and Usai, G.L. and Utrobicic, A. and Vala, M. and Van Der Maarel, J. and Van Hoorne, J.W. and van Leeuwen, M. and Vanat, T. and Vande Vyvre, P. and Varga, D. and Vargas, A. and Vargyas, M. and Varma, R. and Vasileiou, M. and Vasiliev, A. and Vauthier, A. and Vázquez Doce, O. and Vechernin, V. and Veen, A.M. and Velure, A. and Vercellin, E. and Vergara Limón, S. and Vernet, R. and Vértesi, R. and Vickovic, L. and Vigolo, S. and Viinikainen, J. and Vilakazi, Z. and Villalobos Baillie, O. and Villatoro Tello, A. and Vinogradov, A. and Vinogradov, L. and Virgili, T. and Vislavicius, V. and Vodopyanov, A. and Völkl, M.A. and Voloshin, K. and Voloshin, S.A. and Volpe, G. and von Haller, B. and Vorobyev, I. and Voscek, D. and Vranic, D. and Vrláková, J. and Wagner, B. and Wang, H. and Wang, M. and Watanabe, D. and Watanabe, Y. and Weber, M. and Weber, S.G. and Weiser, D.F. and Wenzel, S.C. and Wessels, J.P. and Westerhoff, U. and Whitehead, A.M. and Wiechula, J. and Wikne, J. and Wilk, G. and Wilkinson, J. and Willems, G.A. and Williams, M.C.S. and Willsher, E. and Windelband, B. and Witt, W.E. and Xu, R. and Yalcin, S. and Yamakawa, K. and Yang, P. and Yano, S. and Yin, Z. and Yokoyama, H. and Yoo, I.-K. and Yoon, J.H. and Yun, E. and Yurchenko, V. and Zaccolo, V. and Zaman, A. and Zampolli, C. and Zanoli, H.J.C. and Zardoshti, N. and Zarochentsev, A. and Závada, P. and Zaviyalov, N. and Zbroszczyk, H. and Zhalov, M. and Zhang, H. and Zhang, X. and Zhang, Y. and Zhang, C. and Zhang, Z. and Zhao, C. and Zhigareva, N. and Zhou, D. and Zhou, Y. and Zhou, Z. and Zhu, H. and Zhu, J. and Zhu, Y. and Zichichi, A. and Zimmermann, M.B. and Zinovjev, G. and Zmeskal, J. and Zou, S.},
   year={2018},
   month=mar, pages={1–20} }

% data sheets
@article{PURCELL20151_nuclear_sheet,
title = {Nuclear Data Sheets for A = 3},
journal = {Nuclear Data Sheets},
volume = {130},
pages = {1-20},
year = {2015},
issn = {0090-3752},
doi = {https://doi.org/10.1016/j.nds.2015.11.001},
url = {https://www.sciencedirect.com/science/article/pii/S0090375215000551},
author = {J.E. Purcell and C.G. Sheu},
abstract = {Compilation of information about the structure of A = 3 systems. This review mainly summarizes the work presented in (2010Pu04) and has updates of mass, lifetime and nuclear moment data as noted in the text.}
}

% exotica
@article{refId0_exotica,
	author = {Dönigus, Benjamin},
	title = {Exotica production with ALICE},
	DOI= "10.1051/epjconf/20159700013",
	url= "https://doi.org/10.1051/epjconf/20159700013",
	journal = {EPJ Web of Conferences},
	year = 2015,
	volume = 97,
	pages = "00013",
}
